3432 5387
510 407 547 465 2
1663 406 1846 475 Caput
1880 406 1923 458 I.

99 562 562 677 Qec:
677 577 721 643 2
780 579 845 641 L.
879 580 1152 641 Cornelio
1198 580 1265 640 L.
1312 581 1354 640 f.
1401 579 1600 660 Scipio
1640 576 1649 661 Ι
1688 578 1910 654 aidiles,
1957 580 2139 654 cosol,
2185 598 2373 641 cesor.

677 695 873 748 Romae
907 713 1018 763 rep.
1053 712 1164 747 una
1212 712 1332 747 cum
1367 696 1433 747 N.
1462 696 1517 758 4,
1571 711 1716 747 nunc
1753 698 1812 747 in
1845 712 2024 748 museo
2063 696 2334 749 Vaticano
2386 699 2526 765 lapis
2574 701 2772 751 litteris
2818 702 3082 764 miniatis,

507 797 618 833 non
653 784 840 833 incisis
876 782 932 843 (1
959 781 1044 834 54.
1082 780 1163 832 VI
1193 781 1352 843 4286,·
1387 780 1594 833 Bitschl
1627 784 1734 832 tab.
1769 780 2137 845 XXXVIIId).

680 900 724 967 3
964 902 1136 964 Honc
1180 903 1659 993 oin9-ploirutne
1705 904 2073 985 cosentiont¹
2119 900 2413 986 R[0mai2]

205 1014 421 1098 ὄζων(
491 996 785 1088 Ὰο.76;ζ
963 1005 1234 1071 duonum
1282 1014 1527 1084 optumo
1574 1005 1724 1066 suise
1771 1005 1948 1078 viro³,
2345 988 2358 1000 ⁴

243 1087 609 1145 ---‘·‘-‘
962 1096 1207 1177 Lucioni
1256 1107 1554 1186 Scipione.
1645 1105 1861 1168 Filios⁴
1907 1105 2174 1181 Barbati,

962 1208 1200 1283 consol,
1246 1201 1487 1296 censor,
1525 1207 1713 1270 aidilis
1759 1208 1856 1269 hic
1900 1209 2025 1269 suet
2068 1205 2255 1293 a'[pud
2298 1206 2445 1292 vosJ.

899 1321 927 1369 5
961 1310 1085 1370 Hec
1131 1310 1290 1389 cepit
1334 1310 1569 1371 Corsica
1615 1310 1931 1390 Aleriaque
1975 1304 2204 1384 urbe⁸r
2231 1355 2254 1363 „

963 1412 1136 1473 dedet
1180 1411 1667 1491 Tempeswtebus
1713 1414 1844 1474 aide
1888 1406 2153 1473 merelo⁰
2185 1457 2396 1471 .....

682 1525 880 1577 Romae
913 1544 1022 1593 rep.
1058 1528 1239 1579 eodem
1276 1529 1391 1580 loco
1428 1544 1533 1594 quo
1569 1528 1637 1580 N.
1672 1530 1727 1591 2,
1763 1530 1858 1579 sed
1891 1532 2060 1581 mullo
2098 1534 2223 1579 ante
2261 1534 2429 1589 (anno
2456 1529 2620 1594 4644),
2662 1545 2808 1580 nunc
2843 1532 2901 1580 in
2938 1531 3082 1582 aedi-

514 1613 609 1661 bus
641 1611 1085 1678 Barberinorum,
1122 1614 1304 1664 tabula
1340 1630 1411 1663 em
1446 1614 1624 1679 lapide
1655 1616 1864 1664 Albano
1893 1616 1948 1675 (I
1965 1616 2055 1666 52.
2098 1614 2175 1666 VI
2197 1614 2354 1674 4287,
2348 1631 2360 1643 ·
2392 1612 2602 1663 mische
2633 1617 2739 1666 tab.
2764 1614 3084 1680 XXXVIII).

509 1724 578 1735 —-
604 1696 828 1747 Carmen
853 1700 932 1747 ita
955 1700 1214 1763 scriptum
1240 1703 1320 1749 est
1341 1702 1404 1749 ut
1436 1698 1644 1764 sing-uli
1669 1715 1853 1749 ver-sm
1879 1698 2128 1750 Saturnia·
2163 1701 2324 1749 etiam
2365 1700 2426 1747 in
2464 1698 2641 1763 lapide
2661 1699 2904 1764 singulos
2928 1716 3084 1751 occu-

504 1784 640 1847 pent
662 1797 858 1832 versus.
917 1780 1183 1832 Numeros·
1206 1786 1529 1834 constituere
1554 1786 1740 1834 conati
1763 1787 1888 1833 sunl
1910 1781 2118 1833 Ritaeclzl
2139 1798 2270 1834 mue.
2296 1782 2460 1835 Bhen.
2478 1787 2510 1834 9
2525 1800 2579 1848 p.
2596 1787 2628 1835 6
2647 1800 2751 1848 seq.
2773 1806 2839 1826 =
2859 1800 3035 1849 opusc.
3054 1788 3085 1835 4

504 1882 559 1931 p
576 1866 814 1931 245εσᾳ.,
849 1866 1140 1918 Buecheler
1174 1868 1283 1920 ind.
1318 1867 1482 1918 schol.
1511 1869 1679 1918 Bonn.
1707 1867 1834 1919 4876
1867 1872 1995 1919 aest.
2028 1884 2082 1933 p.
2106 1870 2154 1931 6,
2190 1867 2467 1930 Woelfflin
2501 1884 2664 1920 revue
2701 1867 2765 1917 de
2795 1847 2928 1933 pliil.
2954 1867 3084 1918 4890

506 1967 561 2016 p.
580 1950 693 2003 445.
729 1978 797 1989 —-
837 1951 895 2005 L.
923 1951 1201 2003 Cornelius
1226 1952 1288 2003 L.
1311 1953 1542 2005 Barbati
1562 1950 1606 2013 Γ.
1633 1955 1819 2018 Scipio
1857 1953 2048 2003 consul
2081 1969 2131 2004 a.
2149 1954 2246 2004 495
2273 1953 2546 2005 Corsicam
2582 1957 2720 2018 cepit
2739 1952 3084 2017 Aleriamque

512 2035 703 2097 diruit,
729 2035 793 2085 de
821 2034 1014 2085 Sardis
1040 2035 1219 2087 Corsis
1242 2037 1434 2088 Poenis
1457 2040 1820 2104 triumphavit
1844 2037 2070 2098 (Zonar.
2096 2040 2149 2101 8,
2171 2038 2267 2101 44,·
2291 2039 2442 2092 F'lor.
2464 2040 2511 2104 4,
2536 2040 2617 2102 48,
2640 2038 2732 2100 46,·
2754 2035 2883 2097 fast.
2911 2035 3084 2101 Capit.

514 2120 798 2185 triumplu,
848 2119 935 2182 aL,
974 2119 1047 2182 cf.
1082 2120 1187 2172 Mo.
1227 2121 1282 2175 C.
1320 2123 1352 2173 I
1376 2139 1431 2188 p.
1459 2123 1574 2187 48),
1622 2138 1809 2174 censor
1853 2121 1968 2183 fuit
2002 2138 2051 2174 a.
2086 2125 2181 2175 496
2218 2121 2369 2184 (fast.
2407 2124 2575 2190 Cap..)
2610 2153 2680 2163 —
2736 2126 2786 2187 1)
2823 2122 3088 2173 Similiter

505 2196 696 2255 ‘unum
745 2206 887 2255 hunc
930 2204 1199 2271 plurimae
1245 2210 1586 2258 consentiunt
1612 2212 1803 2273 gentes
1832 2206 2023 2273 populi
2050 2209 2377 2272 primarium
2411 2207 2584 2270 fuisse
2617 2197 2824 2261 virum’
2861 2210 3089 2259 habebat

513 2304 727 2339 carmen
752 2291 981 2339 incisum
1010 2293 1069 2340 in
1093 2290 1339 2356 sepulcro
1364 2293 1430 2344 A.
1449 2293 1609 2343 Atilii
1633 2292 1872 2343 Calatini
1896 2293 2129 2343 consulis
2151 2310 2202 2346 a.
2227 2296 2336 2345 496.
2358 2297 2458 2345 500
2479 2293 2610 2356 (Cic.
2638 2294 2751 2346 Cat.
2775 2296 2903 2346 mai.
2928 2294 3004 2358 47,
3022 2294 3082 2345 64

514 2371 588 2434 cf.
613 2373 676 2424 de
699 2372 793 2435 fin.
816 2374 870 2437 2,
893 2375 982 2437 55,
1008 2374 1140 2437 446).
1176 2403 1245 2414 -
1270 2377 1321 2439 2)
1346 2376 1561 2429 Romani
1600 2378 1681 2428 vel
1705 2377 1932 2430 Romane
1967 2377 2348 2442 suppleverunt
2375 2379 2754 2440 Grotefendius
2790 2384 2842 2428 et
2864 2379 3084 2430 Momm-

513 2474 696 2519 eenus,
738 2455 931 2509 Romae
966 2459 1050 2509 vel
1087 2457 1265 2511 Romai
1302 2460 1622 2513 Sir-mondus
1655 2467 1709 2513 et
1741 2462 2078 2513 Bitscheliue.
2115 2492 2182 2515 :—
2220 2466 2272 2527 3)
2309 2464 2435 2515 Post
2468 2465 2578 2516 vito
2612 2464 2879 2530 supplevit
2914 2464 3086 2513 vii-oro

513 2541 835 2594 Rilschelius
860 2545 1173 2608 (praeeunte
1199 2544 1569 2612 Grolefendio)
1605 2551 1766 2599 metri
1801 2564 1981 2611 causa,
2017 2548 2110 2598 sed
2142 2545 2464 2613 refragante
2500 2549 2692 2615 lapide,
2728 2552 2822 2614 qui
2855 2550 3086 2613 epatium

517 2643 746 2679 vacuum
781 2627 873 2679 illo
914 2628 1029 2680 loco
1060 2632 1313 2695 praebel‚·
1349 2648 1561 2683 versum
1589 2635 1666 2682 ita
1691 2636 1755 2683 ut
1778 2634 2014 2684 traditus
2047 2637 2126 2683 est
2149 2637 2371 2684 tuentur
2394 2634 2684 2685 Buecheler
2707 2637 2760 2683 et
2789 2629 3087 2696 Woelfflin.

514 2741 585 2752 —-
619 2716 672 2778 4)
706 2712 867 2765 filiom
902 2716 1126 2779 flagitat
1165 2714 1469 2782 Woelfflin,
1516 2720 1747 2784 iungens
1783 2735 1904 2770 cum
1939 2722 2014 2769 eis
2051 2735 2186 2784 quae
2221 2719 2552 2785 praecedunt
2583 2748 2653 2759 —
2688 2723 2740 2782 5)
2775 2716 3086 2784 pugnaudod

516 2798 732 2850 addidit
755 2797 960 2850 Bitscltl
994 2816 1172 2867 opusc.
1197 2804 1228 2851 4
1246 2818 1301 2867 p.
1323 2804 1444 2868 245,
1481 2803 1642 2855 clasid
1667 2805 1974 2870 Buecheler,
2011 2808 2107 2870 qui
2143 2820 2354 2855 versum
2391 2808 2550 2855 eliam
2573 2808 2691 2855 eine
2722 2804 3087 2855 additamento

517 2881 738 2944 defendi
769 2900 923 2948 posse
951 2889 1111 2948 pulal
1147 2888 1250 2946 (ila
1286 2891 1448 2939 etiam
1488 2888 1769 2951 Woelfflin
1801 2907 1856 2956 p.
1893 2891 2031 2953 445).
2070 2918 2132 2927 —-
2171 2891 2221 2954 6)
2259 2889 2483 2939 Versum
2521 2893 2600 2941 ila
2646 2894 2708 2939 ul
2743 2890 2977 2940 traditus
3011 2893 3092 2939 est

517 2972 699 3018 tuetur
729 2966 1021 3030 Woelfflin,
1059 2974 1252 3021 mereto
1289 2971 1524 3024 lubenter
1557 2972 1868 3038 Grotefend,
1912 2973 2138 3024 meretoc]
2178 2979 2355 3025 votam
2391 2973 2595 3023 Ritu-lul
2630 2989 2812 3038 opusc.
2836 2977 2866 3023 4
2895 2989 2952 3038 p.
2974 2974 3086 3024 247.

517 3052 715 3104 Aedem
758 3050 806 3102 T
802 3055 1169 3117 empeelalium
1205 3070 1238 3102 a
1276 3054 1528 3121 Scipione
1564 3063 1741 3107 volam
1778 3060 2039 3106 memorat
2072 3060 2232 3106 eliam
2274 3055 2422 3105 ovid.
2458 3054 2589 3116 fast.
2611 3059 2659 3120 6,
2687 3058 2796 3108 495.

444 3298 457 3310 ,
690 3223 739 3288 4
976 3222 1127 3295 Quei
1172 3225 1338 3302 apice
1384 3226 1619 3305 insigne
1663 3222 1875 3310 Dial[is
1917 3220 2208 3306 flJaminis
2252 3224 2518 3303 gesistei‚
2556 3222 2567 3306 Ι

247 3327 775 3430 Q·
876 3355 883 3359 ·
969 3344 1130 3388 mors
1172 3322 1472 3411 perfe[cil]
1525 3336 1622 3388 tua
1668 3337 1736 3388 ut
1780 3335 1979 3387 essent
2025 3326 2224 3387 omnia
2263 3324 2271 3407 Ι
2314 3324 2540 3400 brevia,

973 3428 1165 3489 bonos
1210 3429 1358 3488 lama
1403 3427 1707 3506 virtusque
1746 3426 1758 3511 Ι
1797 3428 1984 3507 gloria
2029 3437 2205 3506 atque
2250 3427 2589 3507 ingenium,

973 3529 1191 3609 quibus
1234 3529 1318 3590 sei
1359 3527 1369 3612 Ι
1409 3529 1466 3589 in
1515 3528 1694 3609 longa
1740 3524 2030 3614 licu[i]set
2078 3530 2196 3591 tibe
2240 3530 2398 3590 ulier
2439 3529 2554 3590 vita
2589 3525 2634 3612 Ι,

912 3643 941 3691 5
972 3631 1140 3693 facile
1185 3632 1390 3693 lacteis
1434 3649 1746 3711 superases
1790 3632 2033 3712 gloriam
2075 3629 2085 3714 Ι
2124 3632 2436 3692 maiorum.

976 3751 1157 3813 quare
1201 3732 1416 3796 lubens
1462 3743 1517 3794 te
1563 3733 1622 3794 in
1670 3735 1919 3812 gremiu,
1961 3732 1971 3816 Ι
2014 3734 2232 3814 Scipio,
2278 3728 2553 3817 recip[i]t

976 3845 1155 3909 terra,
1203 3835 1405 3911 Publi,
1448 3833 1457 3918 Ι
1496 3847 1855 3916 prognatum
1903 3835 2132 3910 Publio,
2180 3834 2434 3897 Corneli.

699 3950 897 4003 Romae
931 3967 1040 4017 rep.
1076 3967 1188 4002 una
1225 3968 1344 4002 cum
1380 3950 1447 4003 Ν.
1475 3951 1521 4017 4,
1575 3952 1790 4002 tabulae
1826 3969 1961 4017 quae
1997 3953 2125 4002 olim
2160 3953 2451 4015 effecerunt
2483 3947 2718 4009 frontem
2751 3949 3099 4014 sarcophagi,

525 4052 671 4088 nunc
717 4039 776 4086 in
826 4050 1005 4086 museo
1045 4038 1310 4089 Vaticano
1348 4037 1405 4097 (I
1431 4038 1521 4089 55.
1562 4037 1638 4089 VI
1671 4037 1827 4099 4288,
1873 4035 2080 4087 Busche
2126 4038 2230 4087 tab.
2268 4030 2563 4095 ΧΧΧΙΧΙ).
2611 4061 2674 4071 —-
2724 4033 2807 4083 De
2859 4036 3098 4084 carmine

529 4124 644 4187 egit
671 4120 961 4171 Buecheler
996 4120 1107 4172 ind.
1143 4122 1306 4172 schol.
1332 4122 1505 4174 Bonn.
1540 4121 1666 4173 4876
1700 4125 1829 4172 aest.
1852 4138 1906 4187 p.
1930 4125 1979 4172 8.
2017 4149 2080 4158 -
2119 4122 2175 4172 P.
2205 4118 2482 4171 Cornelius
2505 4120 2560 4171 P.
2586 4117 2629 4179 Ι.
2667 4117 2867 4184 Scipio,
2899 4118 3097 4181 flamen

526 4206 730 4268 Dialis,
780 4208 989 4256 iuvenis
1033 4204 1341 4272 defunctus,
1389 4207 1523 4256 alibi
1565 4222 1673 4257 non
1720 4210 2055 4256 memoratur
2100 4208 2157 4267 (a
2206 4204 2482 4254 nonnullis
2518 4208 2755 4270 putatur
2799 4221 2907 4254 esse
2951 4203 3098 4264 filius

525 4288 788 4351 Africani
823 4291 1047 4341 maioris
1080 4297 1404 4342 memoratus
1427 4308 1459 4342 a
1488 4292 1592 4343 Cic.
1621 4291 1750 4343 Cato
1789 4293 1915 4342 mai.
1943 4290 2022 4356 44,
2045 4292 2133 4354 56,
2171 4290 2235 4341 de
2272 4290 2362 4353 off.
2399 4288 2447 4352 4,
2468 4291 2559 4354 55,
2586 4289 2701 4353 424,
2738 4288 2892 4339 Brut.
2914 4289 2995 4351 49,
3017 4286 3093 4338 77.

528 4375 662 4427 Vell.
686 4376 733 4440 4,
755 4377 861 4435 40).

205 4530 568 4646 &ffl-
700 4543 743 4611 5
808 4548 873 4608 L.
921 4546 1177 4608 Corneli.
1223 4546 1288 4607 L.
1336 4548 1375 4606 l'.
1408 4548 1470 4607 Ρ.
1508 4542 1615 4631 [ης]
1660 4544 1670 4628 Ι
1711 4547 1929 4626 Scipio,
1975 4547 2208 4626 quaist.‚
2247 4544 2258 4628 Ι
2299 4555 2372 4607 tr.
2422 4547 2562 4623 mil„
2606 4564 2796 4606 annos
2832 4544 2844 4623 Ι
2880 4549 3096 4620 gnatus

530 4648 771 4710 XXXIII
809 4647 820 4731 Ι
860 4657 1145 4710 mortuos.
1194 4647 1365 4708 Pater
1403 4646 1414 4729 Ι
1447 4666 1651 4726 'regem
1699 4648 1948 4709 Antioco
1990 4647 2001 4731 Ι
2039 4648 2292 4729 subegit.

700 4761 897 4814 Romae
942 4778 1053 4828 rep.
1099 4765 1157 4813 in
1202 4763 1447 4828 sepulcro
1491 4762 1832 4829 Scipionum,
1880 4763 2065 4814 tabula
2113 4781 2184 4814 ex
2227 4765 2565 4830 sarcophago
2612 4763 2869 4829 lophaceo
2918 4760 2976 4821 (I
3003 4760 3092 4812 55.
