3432 5387
1400 381 1570 437 Tituli
1603 381 1887 436 militares.
2781 378 2907 438 395

514 557 825 624 Diplyelaeou
862 571 1101 619 aeneum,
1135 573 1255 621 rep.
1285 554 1614 616 fossionibus
1652 554 2135 604 Her-calanensibus
2171 570 2218 605 a.
2257 554 2394 619 4746,
2428 557 2506 603 est
2539 551 2771 619 Neapoli
2806 554 2914 614 (ΙΙΙ

340 659 394 709 p.
428 644 542 695 849.
587 641 640 693 X
668 640 840 708 4402).
886 670 949 678 —-
1003 644 1048 705 1)
1084 641 1148 692 A.
1182 642 1263 692 70.
1309 670 1374 679 -
1421 642 1471 704 2)
1510 638 1591 701 Cf.
1636 655 1802 704 supra
1839 638 1906 690 N.
1941 639 2073 689 4988
2116 643 2226 690 not.
2261 640 2313 690 2.
2361 667 2427 676 —
2477 639 2527 702 3)
2569 639 2600 689 7
2635 637 2794 690 Mart.
2829 639 2909 693 70.

344 757 409 766 —
445 729 499 791 4)
541 725 760 777 Tabula.
798 755 866 763 —
906 728 955 789 5)
995 724 1357 790 Se'gnifieatar
1393 725 1538 776 Iocus
1584 740 1686 790 quo
1724 723 1936 775 Nervae
1976 739 2169 774 nomen
2215 724 2476 789 seriptum
2520 727 2670 786 erat,-
2713 722 2913 774 similes

342 813 702 863 indicationes
735 812 1082 876 reperiuntur
1116 807 1274 870 infra
1310 808 1379 861 N.
1414 810 1558 873 4994,
1596 808 1667 871 cll
1701 825 1869 875 supra
1906 809 1976 860 N.
2012 809 2144 860 4988
2175 813 2286 861 not.
2320 811 2371 860 5.
2414 837 2476 846 —
2526 810 2578 872 6)
2614 808 2913 859 Desidiates

336 895 575 963 populus
609 895 917 946 Dalmatiae
966 894 1128 960 (Ptin.
1168 897 1217 946 Ιι.
1258 910 1309 945 n.
1344 895 1398 955 5,
1435 894 1534 947 445
1569 896 1667 956 al.)
1710 923 1780 932 ·—
1816 897 1867 956 7)
1907 895 2082 945 Verba
2130 894 2290 945 latere
2324 922 2390 931 —
2437 894 2597 958 patris
2643 897 2792 944 intus
2826 894 2913 944 de-

345 982 564 1046 ficiunt,
612 983 947 1030 extrinsecus
984 984 1168 1045 postea
1214 980 1422 1030 adiecta
1457 984 1597 1031 sunt.
1636 1007 1701 1016 —
1741 982 1791 1043 8)
1831 980 2040 1044 Omnes,
2088 980 2153 1030 de
2187 994 2416 1044 quorum
2455 982 2644 1044 patria
2689 984 2914 1044 constat,

345 1067 686 1118 contar-ranei
719 1062 948 1125 suerunt
981 1061 1208 1115 Nervae.

364 1182 400 1189 μ

514 1237 686 1306 1990
750 1241 892 1319 imp.
927 1239 1140 1301 Caesar
1170 1237 1561 1317 Vespasianus
1604 1239 1753 1314 Aug.
1801 1247 1966 1315 pont.
2015 1255 2188 1311 max.‚
2235 1248 2309 1298 tr.
2354 1245 2477 1316 pot.
2510 1236 2579 1308 11,
2628 1237 2767 1316 imp.
2817 1238 2910 1311 Vl,

344 1364 404 1425 p.
451 1363 531 1423 p.,
578 1361 698 1404 cos.
759 1342 873 1402 111¹
920 1341 1106 1420 desig.
1156 1339 1286 1413 1111,
1330 1339 1621 1401 veteranis
1661 1340 1762 1418 qui
1812 1339 2212 1401 militaverunt
2255 1340 2315 1400 in
2363 1340 2546 1400 classe
2589 1339 2908 1401 Misenensi

345 1445 455 1507 sub
500 1448 635 1506 Sex.
667 1442 893 1504 Lucilio
938 1442 1180 1512 Basso²‚
1227 1442 1328 1520 qui
1373 1461 1515 1502 sena
1562 1451 1623 1503 et
1666 1442 1868 1501 vicena
1903 1442 2197 1520 stipendia
2240 1450 2342 1502 aut
2369 1441 2540 1520 plura
2570 1451 2914 1503 meruerant

346 1558 405 1609 et
446 1557 589 1608 sunt
632 1545 864 1607 deducti
914 1544 1219 1617 Paestum,
1278 1561 1532 1623 quorum
1594 1544 1836 1604 nomina
1892 1543 2224 1623 subscripta
2283 1553 2453 1604 sunt:
2513 1543 2653 1623 ipsis
2709 1542 2912 1605 liberis

345 1650 717 1730 posterisque
763 1665 967 1709 eorum
1015 1646 1307 1707 civitatem
1352 1645 1513 1707 dedit
1557 1654 1618 1706 et
1658 1644 1985 1706 conubium
2033 1663 2166 1705 cum
2213 1644 2531 1718 uxoribuS,
2578 1665 2723 1725 quas
2770 1656 2914 1708 tunc

346 1752 726 1823 habuissent,
784 1768 919 1810 eum
965 1759 1053 1810 est
1099 1748 1304 1808 civitas
1349 1747 1420 1808 iis
1465 1746 1625 1818 data,
1682 1759 1784 1807 aut
1826 1747 1874 1808 si
1919 1746 2020 1825 qui
2068 1745 2318 1807 caelibes
2364 1755 2593 1821 essent,
2652 1766 2788 1808 eum
2845 1748 2916 1808 iis

347 1873 492 1934 quas
520 1864 724 1934 postea
756 1852 1061 1913 duxissent
1109 1852 1410 1910 dumtaxat
1452 1849 1669 1928 singuli
1700 1849 1982 1929 singulas.
2060 1849 2243 1909 Nonis
2275 1849 2435 1927 Apr.,
2484 1849 2730 1910 Caesare
2761 1853 2910 1928 Aug.

351 1957 389 2018 f.
433 1955 789 2028 Domitian0,
837 1953 943 2015 Cn.
992 1952 1173 2013 Pedio
1231 1953 1413 2013 Casco
1458 1951 1606 2012 cos.³

983 2055 1239 2135 gregali:
1288 2054 1364 2114 M.
1413 2053 1625 2114 Damae
1671 2054 1734 2125 s.,
1782 2052 1934 2112 Suro
1981 2053 2280 2113 Garaseno

518 2157 889 2237 Descriptum
916 2166 975 2217 et
992 2156 1367 2234 recognitum
1399 2174 1469 2215 ex
1498 2154 1699 2216 tabula
1732 2174 1931 2229 aenea,
1965 2173 2113 2234 quae
2149 2154 2259 2214 fixa
2292 2162 2380 2214 est
2404 2152 2624 2213 Romae
2655 2154 2714 2213 in
2742 2155 2914 2233 Capi-

348 2261 490 2323 tolio
536 2261 595 2321 in
647 2258 824 2339 podio
871 2277 1004 2320 arae
1050 2259 1245 2337 gentis
1276 2257 1454 2319 Iuliae
1501 2267 1667 2337 parte
1716 2258 2026 2318 exteriore.
2115 2256 2270 2335 Appi
2316 2255 2443 2316 Didi
2477 2255 2718 2316 Praxiae
2761 2255 2915 2316 Lau-

348 2362 543 2424 diceni
596 2380 689 2440 eq.
736 2360 805 2421 R.
866 2395 947 2404 --
1004 2358 1065 2419 C.
1125 2359 1235 2421 luli
1294 2362 1599 2441 Agathocli
1645 2359 1966 2422 Laudiceni
2018 2392 2089 2401 —
2151 2356 2257 2417 Cn.
2304 2358 2461 2418 Cessi
2522 2356 2629 2419 Cn.
2689 2359 2729 2418 f.
2792 2357 2914 2419 Col.

350 2465 502 2526 Cesti
562 2461 901 2524 AntiocheS.
946 2495 1032 2503 —
1079 2459 1142 2520 L.
1192 2462 1428 2524 Corneli
1488 2463 1747 2524 Simonis
1806 2462 2085 2522 Caesarea
2130 2460 2389 2520 Straton.
2435 2494 2519 2503 —
2575 2459 2662 2519 Ti.
2712 2459 2914 2520 Claudi

350 2564 737 2647 Epaphroditi
796 2562 1137 2624 Antioches.
1184 2598 1270 2607 —
1327 2566 1389 2626 C.
1449 2565 1556 2624 Iuli
1619 2563 1990 2642 Theopompi
2049 2561 2388 2622 Antioches.
2435 2596 2519 2604 —
2576 2560 2665 2621 Ti.
2714 2559 2913 2621 Claudi

348 2667 763 2732 Demosthenis
808 2664 1070 2726 Laudic?

522 2784 685 2855 1991
751 2786 895 2865 imp.
942 2785 1173 2847 Caesar.
1205 2786 1600 2865 Vespasianus
1645 2788 1793 2864 Aug.
1841 2793 2008 2864 pont.
2043 2800 2217 2856 max„
2263 2792 2336 2842 tr.
2370 2792 2493 2861 pot.
2527 2780 2597 2853 11,
2644 2779 2784 2858 imp.
2821 2780 2915 2853 Vl,

349 2913 407 2973 p.
439 2913 519 2972 p.,
567 2909 685 2951 cos.
732 2887 849 2949 111ι
897 2887 1082 2965 desig.
1130 2886 1259 2961 llll,
1304 2888 1598 2949 veteranis
1645 2888 1747 2967 qui
1793 2886 2196 2948 militaverunt
2239 2885 2298 2945 in
2348 2883 2530 2944 classe
2575 2881 2914 2943 Ravennate

349 2995 460 3056 sub
493 2994 628 3053 Sex.
661 2989 886 3051 Lucilio
920 2989 1103 3050 Basso
1121 2988 1160 3061 ²,
1208 2989 1308 3067 qui
1354 3009 1496 3051 sena
1544 3001 1602 3050 et
1648 2990 1852 3050 vicena
1898 2986 2193 3067 stipendia
2237 2995 2338 3047 aut
2364 2984 2535 3066 plura
2567 2992 2917 3045 meruerunt

350 3104 412 3155 et
466 3102 608 3155 sunt
661 3091 893 3152 deducti
953 3092 1012 3150 in
1074 3090 1469 3165 Pannoniam,
1530 3109 1786 3171 quorum
1844 3089 2087 3152 nomina
2142 3086 2473 3166 subscripta
2530 3094 2698 3147 sunt:
2772 3086 2916 3165 ipsis

350 3196 553 3277 liberis
596 3193 966 3276 posterisque
998 3210 1209 3254 eorum
1256 3194 1544 3255 civitatem
1590 3194 1754 3254 dedit
1797 3203 1858 3254 et
1900 3189 2223 3253 conubium
2255 3206 2389 3249 eum
2420 3187 2723 3262 uxoribus,
2771 3206 2917 3267 quas

350 3308 497 3359 tunc
542 3296 904 3370 habuissent,
949 3313 1086 3356 cum
1139 3303 1229 3355 est
1272 3296 1473 3357 civitas
1517 3296 1566 3358 is
1611 3296 1765 3367 data,
1810 3303 1912 3355 aut
1953 3294 2001 3354 si
2048 3293 2147 3371 qui
2195 3290 2447 3353 caelibes
2493 3300 2720 3362 essent,
2780 3307 2916 3350 eum

349 3399 421 3459 iis
473 3416 619 3477 quas
675 3409 880 3476 postea
937 3396 1247 3458 duxissent
1302 3397 1603 3458 dumtaxat
1647 3395 1895 3476 singulis
1959 3401 2085 3467 (sic)
2143 3395 2422 3473 singulas.
2511 3391 2663 3451 Non.
2711 3390 2916 3469 April„

352 3499 598 3561 Caesare
642 3501 791 3579 Aug.
840 3501 879 3560 f.
929 3498 1285 3572 Domitiam,
1332 3497 1439 3560 Cn.
1488 3499 1670 3559 Pedio
1718 3499 1898 3559 Caseo
1944 3495 2092 3557 cos.³

987 3601 1206 3661 Platori
1253 3602 1459 3663 Veneti
1505 3603 1567 3674 f„
1615 3600 1972 3673 centurioni,
2018 3597 2292 3658 Maezeio.

522 3719 893 3800 Descriptum
918 3730 975 3780 et
1013 3720 1387 3799 recognitum
1412 3738 1481 3780 ex
1510 3719 1706 3780 tabula
1738 3738 1919 3781 aenea
1950 3736 2102 3797 quae
2133 3726 2224 3777 est
2251 3718 2362 3776 fixa
2396 3715 2616 3775 Romae
2647 3713 2708 3774 iu
2743 3712 2914 3794 Capi-

352 3821 495 3881 tolio
552 3822 622 3882 ad
682 3839 842 3881 aram
900 3822 1097 3899 gentis
1151 3821 1330 3883 Iuliae
1387 3823 1459 3882 de
1514 3823 1676 3883 foras
1722 3821 1899 3901 podio
1957 3818 2354 3890 sinisteriore,
2411 3815 2532 3878 tab.
2588 3816 2613 3875 l
2672 3835 2803 3895 pag.
2863 3815 2916 3875 11

355 3923 485 3983 loco
529 3921 895 3983 xxxx1111.⁴
970 3921 1038 3983 T.
1086 3922 1195 3984 luli
1240 3924 1373 3984 Rufi
1420 3923 1669 3984 Salonit.
1716 3942 1809 4003 eq.
1857 3922 1927 3982 R.
1958 3957 2042 3966 -—
2088 3921 2150 3981 P.
2199 3920 2328 3980 Vibi
2374 3918 2605 3978 Maximi
2652 3918 2916 3998 Epitaur.

356 4043 449 4103 eq.
510 4024 579 4085 R.
638 4059 718 4068 --
778 4025 847 4085 T.
895 4024 1040 4085 Fani
1101 4024 1320 4086 Celeris
1364 4025 1639 4087 Iadestin.
1698 4025 1826 4086 dec.
1873 4061 1955 4069 —
2004 4026 2064 4085 C.
2112 4022 2291 4083 Marci
2349 4020 2582 4081 Proculi
2645 4019 2917 4080 {adestin.

354 4126 481 4187 dec.
529 4161 602 4171 -—
659 4129 720 4186 P.
768 4127 1051 4188 Caetenni
1097 4126 1417 4187 Clementis
1463 4126 1663 4188 Salon.
1711 4164 1796 4171 —
1842 4126 1904 4185 P.
1954 4126 2093 4186 Luri
2141 4123 2424 4185 Moderati
2472 4121 2782 4182 Risinitan.
2835 4153 2918 4164 —

355 4228 426 4299 Q.
475 4228 698 4290 Poblici
744 4227 1083 4289 Crescentis
1130 4228 1433 4289 Iadestin.⁸

522 4346 794 4412 Diptyelta
839 4361 1003 4395 aenea
1052 4345 1191 4410 duo,
1237 4346 1466 4397 alterum
1515 4361 1629 4411 rep.
1678 4345 1943 4409 Pompeiis
1991 4358 2039 4393 a.
2075 4341 2229 4406 4874,
2276 4346 2352 4391 est
2399 4337 2629 4404 Neapoli
2674 4337 2751 4404 (X
2781 4339 2921 4405 867),

356 4431 586 4481 alterum
621 4446 734 4496 rep.
774 4428 1000 4495 Salonis,
1037 4433 1116 4479 est
1148 4429 1396 4482 Ber-elini
1439 4433 1499 4482 in
1534 4445 1715 4480 museo
1765 4429 1875 4488 (ΙΙΙ
1902 4443 1955 4493 p.
1992 4428 2135 4489 850).
2171 4454 2238 4463 —
2278 4427 2326 4486 1)
2361 4426 2424 4475 A.
2459 4424 2535 4475 74.
2575 4452 2636 4460 --
2677 4425 2728 4487 2)
2762 4422 2922 4473 Luei·

356 4514 485 4564 lium
521 4514 779 4578 Bassum,
824 4517 946 4579 post
986 4513 1385 4580 praefecturam
1433 4515 1580 4580 alae,
1625 4513 1925 4564 Ravennati
1969 4511 2134 4561 simul
2167 4515 2222 4560 et
2255 4509 2541 4560 Misenensi
2586 4510 2844 4559 elassibus
2890 4525 2921 4558 a

358 4597 580 4650 Vitellio
614 4602 982 4666 praepositum
1018 4616 1127 4649 esse
1161 4604 1357 4649 narrat
1396 4598 1611 4649 Tacitus
1654 4600 1777 4651 hist.
1825 4599 1891 4660 2,
1925 4597 2036 4648 400.
2070 4623 2139 4634 -
2193 4596 2243 4659 3)
2285 4598 2321 4645 ὅ
2357 4596 2488 4660 Apr.
2534 4594 2613 4645 74.
2651 4621 2710 4629 -
2751 4595 2803 4657 4)
2842 4591 2922 4654 Cf:

354 4682 422 4738 N.
458 4684 588 4735 4989
622 4688 735 4736 not.
771 4687 824 4735 ὅ.
861 4712 929 4721 -
966 4687 1018 4746 5)
1056 4684 1371 4748 signatores
1404 4687 1463 4736 in
1497 4682 1565 4736 N.
1602 4684 1731 4735 4990
1766 4681 1899 4748 Syri
1934 4697 2131 4746 omnes,
2166 4683 2225 4730 in
2261 4679 2328 4732 N.
2366 4681 2487 4732 4994
2528 4679 2823 4729 Dalmatae.
2856 4707 2924 4715 —

359 4769 421 4818 In
456 4769 747 4836 diplomate
780 4769 1105 4821 Salonitano
1159 4770 1296 4833 dies,
1342 4784 1534 4820 nomen
1582 4772 1852 4832 veterani,
1903 4768 2050 4818 loeus
2099 4768 2312 4818 tabulae
2357 4769 2416 4815 in
2468 4764 2730 4830 Capitolio
2777 4764 2924 4827 fioeae
