3432 5387
548 348 672 407 354
1671 349 1851 419 Caput
1883 350 1979 405 VI.

549 522 560 605 Ι
618 524 708 584 Ti.
768 522 1042 584 Claudius
1085 523 1486 585 Diadumenus
1531 523 1636 602 et!
1689 523 1915 586 Censor
1967 524 2122 587 dec.²
2165 525 2419 606 Spiculi,
2472 523 2482 607 Ι
2535 525 2788 589 heredes
2830 526 2982 600 eius,
3048 547 3131 588 ex

545 625 792 702 collegio
837 624 1290 687 Germanorum.

719 724 916 776 Romae
953 729 1008 775 r'n
1046 724 1289 776 Ianiculo
1337 723 1446 789 (VJ
1473 726 1625 776 8802.
1659 727 1822 786 8803,
1871 725 2153 791 descripsit
2186 725 2479 793 For-cella).
2517 755 2581 764 —
2621 728 2671 787 1)
2717 728 2816 777 Hic
2849 730 2984 777 sim
3021 733 3127 779 est.

544 839 611 849 —
647 813 697 873 2)
734 811 986 862 Deam-ia.
1022 839 1088 848 -
1125 811 1176 872 3)
1213 810 1303 860 Ex
1336 809 1561 875 collegio
1601 807 2010 863 Germanorum.

713 944 876 1014 1731
947 948 1037 1008 Ti.
1071 947 1311 1007 Claudio
1345 943 1357 1028 Ι
1389 949 1536 1026 Aug.
1569 946 1670 1008 lib.
1702 948 1893 1009 Ducto
1928 945 1937 1029 Ι
1971 947 2097 1008 dec.
2132 948 2581 1022 Germanorum,
2616 944 2626 1030 Ι
2659 948 2770 1009 vix.
2800 966 2897 1009 an.
2931 946 3121 1022 XXX,

549 1050 750 1130 posuit
793 1049 969 1111 Luria
1010 1048 1019 1132 Ι
1061 1050 1316 1111 Paezusa
1361 1049 1601 1130 coniugi
1645 1069 1754 1111 suo
1801 1060 1860 1110 et
1902 1048 2034 1110 sihi.

713 1149 924 1211 Romae,
946 1151 1191 1200 exstabat
1212 1151 1270 1199 in
1289 1149 1509 1200 ecclesia
1530 1148 1582 1201 S.
1599 1149 1861 1200 Caeciliae
1881 1149 1990 1214 (VJ
2001 1148 2127 1200 8811
2147 1151 2359 1214 saepius
2378 1150 2647 1216 descripta
2665 1149 2929 1202 saec.XV.
2941 1149 3118 1217 XVI).

709 1285 882 1355 1732
945 1287 1032 1348 Τ1.
1067 1286 1344 1348 Claudius
1387 1286 1500 1347 divi
1548 1286 1750 1347 Claudi
1794 1285 1895 1347 lib.
1941 1286 2162 1358 Actius,
2202 1285 2212 1366 Ι
2251 1286 2630 1360 honoratus¹,
2677 1299 2915 1350 curator
2959 1289 3113 1349 Ger·

540 1407 876 1460 manorum,
904 1387 913 1470 Ι
938 1398 996 1449 et
1019 1388 1289 1449 aedituus
1304 1388 1523 1449 Dianae
1549 1389 1815 1461 Cornif.',
1841 1388 2090 1466 collegio
2114 1389 2368 1467 maguo⁸
2393 1385 2402 1469 Ι
2427 1389 2591 1450 trib.⁴
2613 1389 2777 1450 divae
2808 1392 3113 1470 Augustae

542 1490 767 1552 triclam
814 1509 947 1551 cum
993 1491 1287 1552 columnis
1325 1489 1337 1572 Ι
1375 1501 1433 1551 et
1476 1491 1698 1552 mensis
1742 1499 1800 1551 et
1843 1491 2092 1551 maceria
2136 1510 2182 1552 s.
2227 1510 2286 1570 p.
2333 1490 2389 1550 d.
2436 1491 2491 1550 d.

710 1589 906 1641 Romae
951 1608 1062 1657 rep.
1111 1594 1167 1641 in
1215 1591 1546 1641 columbario
1582 1591 1897 1641 libertorum
1946 1596 1998 1641 el
2036 1605 2313 1641 servorum
2347 1590 2537 1642 Liviae
2571 1591 2645 1642 ad
2678 1595 2820 1642 viam
2854 1592 3108 1657 Appiam,

539 1692 682 1727 mmo
717 1677 940 1728 Parisiis
977 1674 1083 1742 (VI
1112 1678 1246 1728 4503
1283 1676 1419 1727 vidit
1454 1677 1706 1742 Henzen).
1744 1706 1811 1714 —
1851 1679 1898 1739 1)
1936 1675 2078 1725 Idem
2112 1676 2302 1727 Aoum
2351 1678 2496 1727 inter·
2531 1678 2823 1727 honoratos
2862 1675 3112 1741 (collegii

537 1765 727 1828 magni
769 1767 831 1812 ul
867 1761 1028 1828 puto)
1075 1765 1405 1812 memoratur·
1451 1760 1526 1811 VI
1575 1760 1743 1812 20216
1790 1760 1909 1826 (ubi
1950 1776 2052 1826 pro
2101 1759 2337 1825 Gurge..
2386 1763 2545 1812 scrib.
2592 1777 2695 1813 cur.
2733 1760 2992 1826 (ἱρῇ-πυ.
3040 1788 3110 1799 -

539 1845 593 1914 2)
630 1847 710 1897 De
745 1847 926 1897 Diana
965 1845 1330 1908 Cornificiana
1369 1845 1439 1905 cli
1475 1843 1748 1895 Loncium·
1782 1845 1907 1896 bun.
1946 1859 2075 1895 com.
2112 1844 2236 1896 1891
2268 1861 2323 1911 p.
2361 1845 2459 1896 214
2477 1862 2584 1912 seq.
2619 1875 2683 1884 —
2734 1846 2786 1908 3)
2824 1843 2904 1904 ct:
2938 1860 3110 1910 supra

538 1930 605 1983 N.
631 1932 762 1983 1505
798 1936 907 1981 not.
942 1932 997 1982 5.
1032 1958 1099 1968 -
1135 1933 1186 1988 4)
1228 1928 1604 1979 Tribunorum.

712 2116 884 2186 1733
951 2116 1201 2179 Carnius
1246 2117 1335 2177 Ti.
1384 2117 1641 2180 Caesaris
1680 2116 1690 2199 Ι
1730 2118 1879 2196 Aug.
1927 2117 1964 2176 1.
2012 2122 2043 2177 a
2090 2117 2381 2193 0111110010,
2422 2117 2432 2200 Ι
2474 2118 2611 2178 vixit
2655 2117 2827 2178 annis
2872 2115 3107 2177 XXXII.

707 2219 919 2278 Romae,
956 2233 1100 2268 nunc
1135 2216 1366 2282 Neapoli
1401 2218 1508 2282 (VI
1537 2218 1670 2270 4312
1709 2217 1845 2267 vidit
1881 2217 2213 2283 Mommsen).

706 2352 876 2422 1784
920 2355 1008 2414 Ti.
1055 2353 1294 2415 Claudio
1341 2356 1489 2434 Aug.
1536 2353 1572 2412 1.
1613 2352 1623 2436 Ι
1664 2353 1832 2423 Quir.
1880 2353 2192 2424 Alcibiadi,
2253 2349 2386 2439 qu[i
2436 2350 2578 2440 fuit]
2633 2352 2643 2438 Ι
2694 2365 3109 2436 praegustator

537 2469 595 2520 et
639 2477 670 2518 a
716 2451 1057 2542 c[u]{biculo
1103 2456 1375 2530 Neronis,
1424 2455 1565 2517 lulia
1603 2459 1615 2532 Ι
1652 2455 1941 2536 Regulina
1988 2475 2059 2516 ex
2105 2451 2498 2540 testamen[to]
2539 2454 2549 2538 Ι
2590 2458 2715 2518 eius
2762 2459 2919 2518 fecit.

709 2559 880 2624 Prope
921 2557 1278 2608 Tarracinam
1317 2556 1394 2622 (X
1421 2557 1556 2608 6324
1595 2557 1673 2606 bie
1709 2556 1974 2622 descripta
2010 2571 2143 2605 saec.
2181 2555 2405 2623 XVIII).

715 2693 880 2764 1735
947 2698 1036 2758 dis
1081 2695 1355 2756 manibus
1394 2693 1404 2776 Ι
1453 2695 1544 2755 Ti.
1594 2693 1834 2756 Claudio
1879 2693 2133 2756 Neronis
2172 2692 2182 2776 Ι
2221 2696 2467 2773 Augusti
2511 2695 2550 2755 l.
2598 2695 2831 2756 Hicelo¹
2873 2690 2883 2778 Ι
2932 2696 3102 2757 cubi-

530 2800 732 2871 clario‚
772 2798 783 2879 Ι
822 2800 933 2859 vix.
979 2817 1116 2862 ann.
1165 2796 1393 2857 XXXX.

702 2898 898 2950 Romae
936 2898 1040 2964 (VI
1071 2899 1207 2949 8785
1243 2897 1472 2947 contulit
1509 2895 1734 2963 Kaibel).
1770 2925 1833 2933 —
1876 2899 1923 2960 1)
1961 2897 2000 2949 1.
2034 2914 2075 2948 e.
2111 2895 2262 2947 Icelo.

702 3033 873 3102 1736
938 3034 1024 3095 Τ1.
1086 3035 1359 3097 Claudius
1407 3032 1419 3115 Ι
1471 3033 1791 3105 Eutomus,
1853 3032 2181 3113 Partheni!
2234 3035 2380 3111 Aug.
2430 3032 2623 3094 liberti
2663 3032 2672 3114 Ι
2714 3052 2745 3093 3
2805 3033 3095 3113 quibiclo¹

536 3144 661 3209 (sic)
713 3136 980 3208 libertus,
1020 3135 1032 3217 Ι
1071 3137 1209 3197 fecit
1253 3136 1486 3197 Carithe
1533 3143 1657 3208 (sic)
1707 3137 1859 3197 bene
1899 3135 1908 3215 Ι
1948 3136 2199 3197 merenti
2245 3154 2384 3196 suae
2424 3133 2434 3217 Ι
2473 3137 2838 3211 carissimae,
2895 3136 3038 3197 vixit
3086 3133 3097 3219 Ι

529 3240 703 3301 annis
747 3238 950 3298 XVlll.

700 3338 897 3389 Romae
934 3338 1041 3404 (Vl
1070 3337 1192 3389 8761
1232 3337 1514 3401 descripsit
1551 3335 1603 3387 C.
1638 3335 1697 3388 L.
1739 3336 2021 3402 Viseonti).
2057 3365 2124 3373 —
2170 3339 2215 3401 1)
2250 3337 2502 3388 Fortasse
2538 3338 2624 3387 hic
2660 3341 2739 3388 est
2772 3337 3095 3387 Parthenius

529 3427 835 3476 Domitiani
871 3424 1236 3474 cubicularius
1273 3424 1367 3486 qui
1401 3437 1519 3471 eum
1555 3419 1827 3481 interfecit
1864 3421 2222 3488 (Mommsen).

698 3544 868 3614 1737
932 3546 1008 3604 Μ.
1057 3544 1256 3604 Aureli
1305 3541 1590 3623 Clelandri
1636 3560 1666 3601 a
1716 3541 2007 3624 cubilculo
2054 3545 2202 3624 Aug.
2250 3564 2309 3605 n.

664 3645 1017 3711 signaculum
1061 3657 1281 3694 aeneum
1318 3638 1610 3692 Mediolani
1654 3642 1803 3707 apud
1840 3643 2193 3694 Hamilcar-em
2231 3646 2532 3709 Anconm,
2574 3647 2632 3695 in
2678 3658 2816 3707 agro
2851 3642 3094 3693 Romano

530 3748 646 3798 rep.
684 3731 859 3798 (Galli
896 3728 1019 3780 butt.
1058 3743 1188 3779 com.
1226 3727 1354 3778 1887
1383 3743 1438 3793 p.
1472 3728 1627 3793 325).
1663 3754 1731 3765 -
1756 3728 2010 3790 Pertinet,
2046 3731 2106 3777 ut
2141 3728 2278 3778 vidit
2306 3728 2469 3792 Gaui,
2505 3728 2580 3779 ad
2602 3728 2922 3781 Cleandrum
2948 3728 3097 3780 Com-

526 3818 676 3868 modi
710 3816 1103 3867 cubicularium
1140 3812 1254 3877 (vit.
1294 3811 1490 3863 Comm.
1524 3814 1570 3873 6,
1605 3813 1667 3877 5)
1705 3816 1755 3862 et
1787 3816 1972 3878 postea
2004 3811 2340 3877 praefectum
2372 3815 2657 3878 praetorii.

696 3934 868 4004 1788
933 3936 1007 3996 Μ.
1066 3934 1303 3995 Aurelio
1360 3936 1546 4011 Augg.
1619 3933 1719 3994 lib.
1779 3933 2085 3995 Proseneti
2139 3932 2148 4012 Ι
2198 3953 2230 3994 3
2288 3934 2562 3995 cubiculo
2621 3936 2813 4015 Aug.²,
2868 3932 2878 4015 Ι
2927 3953 3090 4013 proc.

525 4042 954 4111 thesaurorum,
996 4036 1005 4120 Ι
1047 4055 1209 4116 proc.
1269 4036 1621 4116 patrimoni,
1679 4054 1846 4115 proc.
1887 4033 1897 4115 Ι
1934 4037 2306 4108 munerum²,
2360 4055 2525 4116 proc.
2568 4038 2844 4098 vinorum
2885 4035 2894 4115 Ι
2933 4036 3090 4096 ordi-

526 4151 662 4203 nato
719 4160 750 4202 a
813 4141 944 4201 divo
1004 4139 1324 4199 Commodo
1378 4135 1387 4219 Ι
1442 4139 1502 4199 111
1559 4138 1920 4209 kastrense³,
1977 4148 2231 4217 patrono
2289 4138 2583 4218 piissimo,
2635 4137 2646 4220 Ι
2698 4138 2894 4199 liberti
2940 4138 3090 4197 bene

528 4244 778 4308 merenti
813 4239 823 4324 Ι
856 4242 1282 4321 sarcophagum
1315 4241 1387 4302 de
1419 4260 1526 4303 suo
1566 4240 1574 4323 Ι
1617 4240 2071 4302 adornaverunt.
2149 4246 2236 4312 (ln
2261 4246 2452 4311 latere)
2489 4242 2783 4302 Prosenes
2819 4248 3093 4318 receptus

524 4347 596 4407 ad
639 4346 849 4408 deum⁴
879 4344 926 4401 V
959 4364 1103 4406 11011.
1137 4388 1153 4404 .
1185 4388 1199 4403 .
1235 4344 1356 4404 ‚ias
1400 4344 1441 4404 S
1467 4386 1725 4403 ......
1759 4342 1890 4403 nia⁸
1920 4342 2239 4402 Praesente
2269 4352 2328 4404 et
2372 4343 2669 4404 Extricato
2715 4342 2801 4402 11⁰
2839 4340 2852 4423 Ι
2890 4358 3089 4419 regre-

523 4450 692 4510 diens
737 4449 797 4509 in
843 4445 996 4508 urbe
1040 4446 1111 4506 ab
1159 4445 1651 4525 expeditionibus.
1720 4444 1969 4524 Scripsit
2011 4444 2313 4524 Ampelius
2360 4443 2459 4504 lib.

691 4550 862 4613 Prope
886 4546 1104 4597 Romam
1128 4563 1239 4611 rep.
1266 4546 1338 4596 ad
1361 4550 1501 4596 viam
1524 4545 1869 4609 Labicanam,
1900 4546 2270 4610 sarcophagus
2291 4560 2519 4611 magnus
2544 4544 2574 4609 (
2572 4544 2629 4595 V
2622 4544 2653 4594 I
2672 4547 2805 4595 8498
2827 4543 3077 4594 viderunt

525 4631 736 4682 Honzen
761 4637 813 4682 et
837 4633 899 4681 de
924 4631 1120 4699 Rom).
1168 4632 1466 4683 Euat-ravit
1487 4629 1854 4681 Friedliz'nder
1871 4630 2100 4695 Sitteng.
2126 4628 2185 4679 Ιο
2208 4646 2259 4695 p.
2290 4631 2399 4681 196.
2426 4660 2488 4667 -
2521 4631 2568 4693 1)
2596 4629 2646 4679 A
2670 4629 2914 4680 eubiculo
2939 4626 3080 4676 vide-

523 4721 613 4767 tm·
641 4716 810 4777 fuisse
837 4718 1088 4768 Pro-cenes
1116 4716 1425 4767 Caracallae
1461 4731 1581 4767 cum
1603 4720 1849 4766 mortum
1884 4722 1973 4777 est,
2011 4733 2060 4766 a.
2095 4715 2194 4766 217
2230 4711 2330 4779 (cf.
2366 4719 2475 4766 not.
2497 4715 2570 4780 6).
2609 4742 2673 4751 —
2713 4716 2765 4777 2)
2804 4712 2883 4773 Cf.
2918 4726 3086 4778 supra
