3432 5387
567 377 693 436 504
1689 378 1871 448 Caput
1903 377 1999 434 IX.

737 547 1080 613 Galahorrae,
1115 549 1210 598 ubi
1240 547 1355 610 fuit
1392 548 1707 613 Calagurris
1742 549 1899 612 Iulia,
1934 565 2047 615 rep.
2084 565 2133 600 a.
2168 550 2298 602 4788
2341 549 2425 616 (11
2451 552 2585 602 2984
2619 549 2781 601 semel
2816 551 3154 619 descripta).

560 662 629 673 —
667 636 716 696 1)
753 632 960 683 Nomen
994 634 1211 684 videtur
1244 632 1485 699 Longini
1510 637 1757 699 patrium
1793 634 1990 701 (Huc).
2018 662 2090 673 -
2125 636 2174 699 2)
2208 636 2316 686 Ata
2356 634 2649 687 Tantorum
2684 638 2893 686 victrix
2931 641 3150 689 civim

558 718 920 770 Romanorum
957 717 1029 784 (e.
1066 718 1197 784 quid
1228 718 1515 783 significet,
1551 720 1858 783 obscurum)
1891 724 2172 785 praeterea
2208 722 2414 785 ignota,
2450 725 2513 771 ut
2548 725 2600 770 et
2632 723 2740 786 ipsi
2780 719 2964 776 Tanti.

729 852 900 922 2517
966 855 1031 915 L.
1069 854 1330 917 Vitellius
1373 852 1636 939 Malutai¹
1688 857 1727 917 s.
1774 856 2110 918 Tancinus²
2146 856 2157 940 Ι
2198 857 2352 918 cives
2395 857 2561 938 Hisp.
2594 856 2944 933 Cauriesis⁸,
2984 860 2995 943 Ι
3035 879 3142 939 eq.

565 957 689 1018 alae
738 956 1053 1017 Vettonum
1101 975 1151 1017 c.
1199 955 1313 1032 R.⁴,
1353 958 1364 1033 Ι
1403 976 1543 1018 ann.
1588 957 1876 1018 XXXXVI
1921 958 2057 1037 stip.
2101 956 2302 1031 XXVI,
2342 958 2352 1039 Ι
2392 959 2449 1019 h.
2496 978 2542 1019 s.
2590 978 2641 1019 e.

728 1056 903 1122 Aquis
936 1056 1083 1108 Sulis
1118 1056 1307 1125 (Batk)
1344 1057 1664 1108 Britanniae
1701 1056 1839 1123 (VII
1864 1059 1935 1109 52
1971 1056 2041 1118 cf.
2075 1073 2129 1124 p.
2162 1059 2264 1111 506
2299 1057 2438 1108 vidit
2472 1058 2758 1123 Huebner).
2793 1088 2863 1098 —
2901 1062 2955 1124 1)
2992 1060 3139 1111 For·

560 1146 700 1192 tasse
732 1141 870 1192 idem
908 1156 1099 1192 nomen
1135 1142 1281 1207 quod
1310 1157 1477 1208 supra
1512 1140 1579 1194 Ν.
1612 1141 1770 1195 2545.
1817 1170 1887 1181 -
1931 1142 1980 1206 2)
2015 1141 2223 1193 Nomen
2257 1158 2367 1193 non
2409 1158 2600 1193 rarum
2634 1146 2692 1194 in
2727 1145 3016 1210 Hispania.
3064 1176 3137 1184 —

560 1228 612 1289 3)
662 1225 952 1278 Cam-enses
981 1227 1214 1292 populus
1249 1226 1578 1280 Lusitaniae.
1615 1254 1681 1263 -
1718 1230 1769 1290 4)
1813 1228 1918 1278 Ala
1965 1227 2330 1293 Hispanorum
2368 1228 2649 1280 Vettonum
2696 1231 2895 1279 civium
2932 1228 3135 1281 Roma-

558 1325 755 1362 norum
787 1315 1096 1363 recensetur
1129 1314 1274 1362 inter
1307 1312 1524 1363 auxilia
1560 1313 1832 1362 exercitus
1854 1311 2164 1362 Britannici
2199 1328 2248 1363 a.
2274 1311 2374 1364 405
2409 1312 2599 1378 (supra
2624 1311 2695 1364 N.
2716 1314 2895 1377 2004).
2956 1315 3135 1365 Aliud

565 1398 899 1462 epitaphium
933 1399 1129 1462 equitis
1162 1414 1232 1447 ex
1267 1396 1449 1448 eadem
1485 1396 1576 1447 ala
1610 1396 1988 1448 Britannicum
2022 1400 2101 1446 eet
2134 1396 2269 1461 Epk.
2305 1413 2384 1462 ep.
2418 1400 2466 1461 4,
2499 1398 2608 1448 670.

728 1530 902 1600 2518
966 1534 1055 1595 dis
1112 1533 1384 1594 manibus
1434 1532 1444 1615 Ι
1498 1533 1558 1595 C.
1606 1533 1789 1595 Iulius
1842 1532 2059 1594 Dexter
2114 1543 2261 1606 vet.,
2321 1533 2441 1593 mil.
2501 1533 2559 1593 in
2608 1533 2696 1593 313
2747 1530 2759 1613 Ι
2810 1552 2935 1612 eq..
2997 1553 3128 1595 cur.

564 1636 847 1707 turmae¹,
895 1653 1113 1696 armor.
1150 1645 1367 1710 custos,
1413 1632 1679 1718 signilser
1723 1645 1860 1704 tur..
1906 1635 2106 1696 milita.
2153 1652 2344 1696 annos
2386 1634 2598 1709 XXVI,
2643 1634 2835 1696 (limis.
2881 1653 3064 1697 emer.
3116 1638 3125 1717 Ι

567 1736 813 1797 honesta
859 1737 1158 1812 missione,
1203 1737 1508 1799 duoviratu
1556 1737 1674 1818 egit
1718 1738 1778 1798 in
1826 1738 1939 1798 col.
1979 1737 1988 1821 Ι
2028 1755 2132 1798 sua
2174 1736 2476 1816 Thelepte,
2518 1736 2662 1798 vixit
2703 1755 2802 1797 an.
2849 1736 3129 1811 LXXXV,

561 1837 658 1898 hie
700 1847 1014 1900 crematus.
1055 1838 1064 1921 Ι
1104 1839 1276 1900 Tutia
1319 1839 1512 1899 Tertia
1559 1840 1763 1900 marita
1807 1839 1918 1900 Iuli
1961 1839 2192 1912 Dextri,
2248 1839 2359 1899 vix.
2406 1857 2503 1899 an.
2549 1838 2731 1911 LXX,
2787 1836 2798 1920 Ι
2848 1838 2945 1899 hic
2994 1857 3125 1899 cre-

556 1946 710 2000 mata
756 1950 863 2001 est.

730 2039 794 2089 In
829 2038 1089 2090 Numidia
1120 2054 1291 2105 prope
1326 2040 1499 2090 locum
1537 2039 1738 2090 dictum
1774 2038 2104 2090 Binum-Ali
2140 2038 2302 2104 (VIII
2329 2040 2463 2090 2094
2506 2039 2579 2089 ad
2619 2040 2922 2105 exemptum
2967 2057 3124 2093 accu-

557 2128 739 2174 ratum
773 2124 1128 2187 Bosredonii).
1164 2151 1230 2161 —
1279 2127 1328 2189 1)
1367 2124 1655 2175 Curatores
1690 2128 1995 2175 turmarum
2039 2122 2270 2184 fuerunt
2314 2126 2475 2174 etiam
2521 2127 2665 2175 inter
2697 2129 2904 2190 equites
2935 2128 3123 2192 singu-

564 2208 719 2272 lares,
755 2207 827 2269 cs:
862 2207 930 2259 Ν.
964 2208 1099 2260 2486
1132 2212 1242 2260 not.
1278 2208 1362 2271 42,
1396 2209 1537 2261 2205
1572 2212 1682 2259 not.
1718 2209 1765 2260 4.

728 2342 896 2414 2519
965 2353 1146 2419 (eques
1180 2355 1389 2404 kastam
1425 2355 1645 2422 gerens)
1697 2348 1753 2408 d.
1813 2366 1890 2408 m.
1944 2345 1954 2429 Ι
2006 2345 2215 2425 Ulpius
2273 2341 2526 2426 Tertilus
2577 2356 2817 2408 curator
2865 2346 2877 2429 Ι
2928 2348 3050 2409 alae
3092 2348 3115 2408 Ι

559 2447 854 2519 contari),
901 2447 985 2509 Fl.
1034 2448 1220 2510 Tutor
1265 2449 1477 2529 emag.²
1520 2446 1710 2531 heli-es
1754 2450 1944 2510 amico
1990 2443 2376 2528 pientisslimo
2422 2449 2637 2527 posuit.

735 2546 959 2615 Tipasae
993 2551 1052 2599 in
1099 2565 1199 2600 ora
1233 2548 1607 2600 Mauretaniae
1651 2565 1763 2615 rep.
1801 2548 1964 2610 (VIII
1991 2547 2169 2615 9294).
2205 2576 2267 2584 -
2321 2550 2369 2611 1)
2413 2547 2520 2598 Ala
2563 2550 2743 2614 prima
2791 2548 2950 2614 Ulpia
2994 2565 3114 2601 con-

563 2635 829 2683 tariorum
863 2635 959 2683 sub
995 2635 1274 2687 Antonino
1299 2636 1395 2686 Pio
1430 2632 1543 2696 fuit
1578 2636 1636 2684 in
1671 2635 1955 2685 Pannonia
1987 2634 2264 2700 superiore
2301 2634 2489 2698 (supra
2526 2630 2594 2684 Ν.
2619 2634 2799 2698 2005).
2837 2663 2905 2672 -
2944 2636 2995 2699 2)
3031 2635 3114 2686 Sic

561 2717 702 2784 lapis
738 2723 866 2769 teste
905 2720 1294 2782 Wilmannsim·
1327 2722 1540 2772 videtur
1573 2719 1987 2785 intellegendum
2022 2734 2159 2768 esse.-
2192 2716 2525 2783 imaginifer.

731 2856 905 2925 2520
971 2867 1153 2931 (eques
1189 2880 1308 2916 cum
1345 2867 1537 2930 sign05
1577 2866 1673 2914 mh
1712 2881 1772 2915 eo
1821 2864 1992 2914 hostis
2021 2867 2355 2929 prostratus)
2395 2855 2483 2916 dis
2528 2855 2798 2918 manibus
2843 2856 3108 2919 Flavinus

619 2976 712 3037 eq.
759 2960 883 3020 alae
926 2960 1108 3021 Petr.¹
1151 2960 1397 3040 signifer
1433 2957 1444 3038 Ι
1481 2969 1599 3022 tur.
1647 2958 1910 3032 Candidi,
1953 2977 2050 3019 an.
2096 2957 2247 3019 XXV
2289 2954 2299 3038 Ι
2337 2957 2473 3036 stip.
2521 2956 2643 3030 VII,
2689 2958 2748 3018 h.
2792 2979 2842 3020 s.

726 3059 968 3110 Hexliam
1003 3062 1062 3110 in
1096 3060 1388 3111 Britannia
1429 3074 1540 3110 non
1586 3058 1746 3124 longe
1792 3075 1825 3108 a
1869 3058 2011 3109 vatio
2049 3058 2321 3109 Hadriani
2367 3057 2531 3123 (Epa,
2576 3073 2655 3124 ep.
2702 3058 2759 3120 7,
2804 3061 2906 3110 995
2951 3059 3105 3109 deser.

555 3142 760 3206 Bruce‚·
818 3159 888 3194 ex
933 3143 1143 3196 Bruceo
1197 3147 1491 3210 imaginem
1536 3142 1735 3209 lapidis
1792 3144 2042 3209 repetivit
2081 3142 2480 3194 Domaszewski
2520 3142 2751 3193 Fulmen
2793 3160 2850 3208 p.
2896 3144 2999 3211 70).
3046 3171 3101 3180 -

560 3230 609 3292 1)
643 3228 727 3278 De
760 3228 850 3279 ala
884 3229 1137 3279 Petriana
1173 3227 1245 3289 cs.
1280 3228 1348 3283 N.
1381 3231 1534 3281 2485.

727 3363 894 3435 2521
965 3366 1097 3428 Sex.
1131 3366 1354 3428 Mevius
1385 3367 1518 3427 Sex.
1554 3363 1562 3447 Ι
1596 3367 1634 3426 s.
1661 3365 1800 3426 Fab.
1833 3365 2146 3427 Domittius
2179 3364 2187 3448 Ι
2222 3371 2431 3444 equeS,
2457 3365 2653 3445 signif.
2684 3365 2773 3427 313
2804 3366 3102 3446 Apriana¹‚

619 3487 757 3531 ann.
806 3467 1004 3541 XXIV,
1049 3468 1145 3528 hic
1187 3467 1335 3529 situs
1377 3477 1484 3529 est.
1523 3465 1534 3546 Ι
1574 3463 1860 3542 Σέξστος
1902 3464 2216 3553 Μηούιος
2254 3467 2263 3550 Ι
2302 3465 2589 3543 Σέξστου
2634 3463 2782 3542 υἱὸς
2829 3470 3053 3550 Φαβία
3093 3465 3101 3548 Ι

557 3573 930 3653 Δομίττιος
983 3565 1233 3645 ἱππεὺς
1290 3570 1571 3654 arguam?
1608 3571 1617 3645 1
1659 3560 1824 3654 ὅλης
1858 3560 2263 3652 Ἀπριανῆς,
2327 3565 2492 3633 ἑτῶν
2532 3567 2630 3648 κὸ,
2682 3567 2693 3651 Ι
2745 3561 2965 3654 ἄωρος
3017 3566 3103 3632 ἐν·

557 3669 738 3736 &eide
779 3681 1012 3735 κεῖται.

731 3771 908 3838 Syene
942 3771 1204 3837 (Aeman)
1253 3770 1400 3836 apud
1441 3773 1794 3820 mercatorem
1842 3770 2104 3835 quendam
2152 3769 2263 3834 (ΙΙΙ
2291 3772 2424 3823 6026
2458 3771 2746 3822 Mommsen
2795 3771 2933 3821 vidit
2976 3776 3101 3837 ecty-

559 3855 733 3923 ματη).
778 3882 844 3894 —-
896 3857 944 3920 1)
987 3855 1092 3906 Ala
1136 3856 1386 3921 Apriana
1433 3858 1784 3905 enumeratur
1824 3857 1970 3906 inter
2015 3853 2230 3905 auoeilia
2274 3860 2543 3908 exercitia
2583 3857 2913 3922 Aegyptiaci
2955 3873 3001 3907 a.
3041 3857 3102 3907 83

560 3940 654 4008 (N.
672 3941 824 4009 4996)
837 3960 858 4005 ,·
878 3943 1158 4007 praeterea
1182 3941 1495 3991 nominatur
1518 3941 1579 3990 in
1605 3937 1761 3989 tituto
1784 3938 2081 3992 Memnonis
2103 3942 2314 3991 statuae
2336 3943 2598 4007 inscripto
2620 3958 2676 3993 a.
2696 3939 2790 3991 470
2817 3939 2900 4005 (C.
2925 3939 3007 3990 111
3025 3939 3098 4004 49)

560 4031 613 4078 et
644 4028 704 4077 in
728 4025 938 4077 Notitia
977 4026 1126 4091 dign.
1164 4040 1242 4078 or.
1281 4040 1323 4076 c.
1358 4025 1447 4085 25,
1482 4024 1577 4074 ubi
1611 4023 1910 4075 collocatur
1943 4027 2003 4074 in
2037 4026 2284 4091 Aegypto
2319 4027 2563 4092 quidem,
2593 4026 2691 4076 sed
2722 4026 2965 4092 Hippone
3001 4025 3102 4076 loeo

559 4111 717 4178 longe
760 4115 965 4163 remoto
1012 4127 1046 4161 a
1093 4109 1265 4177 Syene
1302 4108 1476 4176 (Mo).
1512 4137 1578 4146 —
1626 4111 1676 4174 2)
1724 4107 2064 4170 Semaforum
2110 4110 2361 4161 habemus
2408 4113 2569 4161 etiam
2613 4113 2674 4161 in
2721 4112 2881 4162 titulo
2920 4110 3101 4162 Latino

559 4198 703 4248 edito
735 4195 889 4257 infra
926 4198 1072 4245 inter
1106 4193 1295 4246 titulos
1327 4193 1592 4245 militares
1626 4198 1824 4246 aetatis
1859 4194 2099 4246 labentis.

725 4331 898 4403 2522
962 4332 1019 4393 (1.
1051 4350 1128 4392 m.
1168 4329 1178 4412 Ι
1218 4331 1416 4391 Aurel.
1449 4332 1737 4392 Themaes
1766 4330 1964 4392 librar.
2006 4328 2017 4414 Ι
2055 4332 2142 4392 ale
2174 4331 2462 4404 Fronto.¹,
2507 4331 2647 4392 vixit
2690 4333 2863 4394 annis
2899 4330 2910 4412 Ι
2949 4331 3013 4404 L,
3055 4339 3105 4389 et

558 4437 718 4498 Aelia
762 4435 908 4497 Iulia
958 4433 1152 4512 eoiug.
1198 4444 1259 4494 et
1296 4432 1306 4506 Ι
1345 4433 1505 4494 Aelia
1548 4433 1777 4512 Pupula
1823 4434 1962 4495 vixit
2015 4434 2188 4495 annis
2238 4431 2248 4512 Ι
2299 4431 2383 4507 11,
2442 4427 2764 4517 Aurel[i]us
2819 4433 3103 4494 Themen·

556 4539 755 4600 tianus
796 4537 951 4598 filius
995 4534 1344 4617 parentibus
1386 4534 1540 4596 bene
1579 4537 1589 4611 Ι
1627 4535 1997 4597 merentibus
2041 4535 2256 4615 posuit.

729 4636 1087 4688 Alio-Itomae
1130 4651 1242 4702 rep.
1287 4652 1338 4687 a.
1373 4636 1506 4690 1865
1553 4633 1664 4700 (ΙΙΙ
1691 4636 1789 4686 804
1833 4634 1905 4696 cf.
1941 4634 2027 4685 III
2056 4634 2110 4686 S.
2141 4652 2198 4701 p.
2234 4634 2364 4688 4575
2400 4634 2539 4685 vidit
2570 4633 3010 4701 Domaezewski).
3041 4657 3101 4670 -

561 4722 612 4785 1)
650 4720 729 4782 Cr.
764 4719 832 4773 N.
868 4721 1013 4772 2494.

3231 5247 3325 5333 1..
