3432 5387
996 404 1166 460 Tituli
1199 405 1588 476 imperatorum
1623 408 1924 478 domusque
1958 409 2357 478 imperatoriae.
2827 410 2946 470 181

536 570 838 624 Ravennae
879 572 1112 634 sortasse
1159 574 1278 641 (sed
1322 576 1468 628 Iocus
1514 593 1623 629 non
1666 578 1993 645 indicatur),
2040 580 2201 629 semel
2246 581 2514 647 descripta
2559 586 2684 631 ante
2726 598 2860 635 saec.
2895 600 2947 649 p.

353 653 482 707 cler.
522 672 740 709 nonum
775 661 841 709 ab
879 661 1064 724 ignoto
1100 666 1337 726 auctore,
1373 664 1528 713 cuius
1562 665 1937 729 apographum
1971 668 2208 715 servavit
2231 666 2477 729 Scaliger
2501 665 2591 726 (de
2617 664 2765 717 Ποσει·
2785 670 2950 722 inser.

349 741 552 793 christ.
594 744 655 809 2,
688 745 715 795 4
746 760 807 810 p.
842 746 876 794 8
910 760 964 796 n.
997 746 1107 812 43).
1143 775 1211 784 -
1251 749 1299 810 1)
1335 746 1600 799 Laurentis
1635 749 1893 800 traditur.

538 878 680 950 817
747 901 919 962 reges
963 894 1155 945 terrae
1189 892 1249 944 et
1278 903 1485 946 omnes
1515 886 1743 965 populi,
1788 887 2091 966 principes
2138 899 2196 949 et
2226 907 2435 949 omnes
2478 889 2703 952 iudices
2733 901 2946 967 terrae,

349 980 624 1045 laudent
669 1004 888 1047 nomen
936 986 1181 1048 domini.

540 1086 803 1148 Sanctae
833 1087 1114 1149 ecclesiae
1143 1087 1507 1150 Hierusalem
1539 1089 1987 1152 Valentinianus
2017 1091 2270 1152 Placidia
2314 1101 2374 1154 et
2403 1092 2664 1154 Honoria
2699 1095 2946 1174 Augusti

347 1195 577 1249 votum
625 1189 950 1250 solverunt.

541 1286 746 1339 Romae
780 1290 840 1339 in
869 1288 1088 1340 eeclesia
1115 1305 1254 1356 quae⁴
1273 1290 1479 1339 dicitur
1503 1289 1556 1342 S.
1586 1290 1772 1342 Crucis
1795 1293 1855 1343 in
1881 1292 2244 1343 Hierusalem.-
2280 1291 2423 1344 solus
2458 1294 2739 1362 descripsit
2760 1298 2950 1348 Petrus

351 1370 615 1423 Sabinus
645 1372 924 1440 professor
957 1373 1225 1424 Romanus
1262 1392 1305 1425 c.
1342 1391 1392 1426 a.
1416 1374 1546 1426 4500
1583 1374 1674 1441 (de
1708 1374 1864 1427 Rossi
1897 1379 2058 1429 inscr.
2097 1380 2207 1430 chr.
2241 1380 2296 1442 2,
2319 1379 2347 1429 4
2383 1394 2434 1443 p.
2462 1381 2565 1431 433
2599 1396 2653 1431 n.
2673 1381 2810 1444 407).
2869 1382 2950 1432 De

353 1461 612 1524 tempore
647 1459 799 1510 tituli
834 1459 903 1519 cl.
939 1459 1013 1510 ad
1045 1458 1115 1511 Ν.
1136 1460 1250 1511 848.

550 1593 684 1664 818
1636 1605 1692 1661 1.

547 1707 753 1760 sancto
774 1717 842 1760 ac
873 1698 1207 1762 beatissimo
1231 1702 1498 1780 apostolo
1525 1701 1775 1763 Iohanni
1799 1701 2202 1783 Evangelistae
2224 1702 2385 1763 Galla
2410 1702 2661 1764 Placidia
2685 1706 2949 1784 Augusta

358 1816 512 1860 cum
560 1800 680 1862 filio
724 1820 833 1863 suo
863 1802 1099 1864 Placido
1132 1802 1543 1864 Valentiniano
1574 1806 1839 1883 Augusto
1886 1813 1946 1865 et
1990 1805 2105 1865 filia
2152 1823 2258 1866 sua
2287 1805 2441 1867 Iusta
2474 1805 2646 1867 Grata
2683 1805 2943 1868 Honoria

359 1902 639 1983 Augusta
684 1902 1047 1965 liberationis
1090 1904 1421 1984 periculum
1468 1905 1644 1967 maris
1688 1915 1889 1969 votum
1932 1907 2204 1968 solvent.¹

1636 2029 1693 2086 2.

686 2123 845 2185 Galla
891 2124 1143 2185 Placidia
1189 2125 1452 2205 Augusta
1499 2145 1610 2207 pro
1656 2146 1719 2188 se
1767 2136 1825 2187 et
1870 2127 1961 2189 his
2007 2126 2283 2188 omnibus
2326 2138 2525 2188 votum
2572 2129 2744 2190 solvit

997 2246 1054 2304 3.
2278 2251 2335 2309 4.

760 2343 817 2404 d.
864 2344 1288 2407 Constantinus
2032 2349 2087 2408 d.
2136 2348 2578 2412 Valentinianus

792 2446 848 2507 d.
894 2447 1263 2509 Theodosius
2101 2449 2158 2509 d.
2204 2449 2516 2512 Gratianus

833 2547 888 2607 d.
934 2549 1216 2610 Arcadius
2044 2550 2099 2610 d.
2147 2549 2569 2613 Constantinus

824 2649 879 2710 d.
928 2649 1230 2713 Honorius
2060 2651 2371 2714 Gratianus
2417 2672 2553 2733 nep.

735 2749 1104 2814 Theodosius
1149 2754 1311 2833 nep.¹
2077 2754 2332 2816 Ioannes
2380 2757 2544 2835 nep.¹

450 2970 504 3031 d.
551 2989 612 3031 ιι.
659 2877 1044 3046 Theodosia}
1093 2972 1148 3033 d.
1197 2993 1255 3034 n.
1302 2972 1609 3035 Eudocia.⁸
1722 2975 1779 3035 d.
1813 2994 1873 3036 n.
1906 2975 2207 3049 Arcadius,
2240 2877 2388 3037 diff-n.
2422 2975 2685 3037 Eudoxia
2715 2975 2888 3054 Aug.⁸

548 3087 836 3139 Ravennae
871 3091 998 3141 olim
1032 3094 1092 3140 in
1128 3091 1350 3142 ecclesia
1377 3092 1430 3143 S.
1458 3092 1714 3143 Iohannis
1738 3091 2134 3158 Evangelistae‚
2169 3110 2327 3159 qnam
2365 3097 2542 3144 votam
2580 3109 2687 3142 esse
2722 3109 2754 3141 a
2789 3091 2943 3142 Galla

378 3172 619 3225 Placidia
654 3177 830 3224 matre
867 3175 1241 3226 Valentiniani
1276 3178 1356 3228 111
1401 3181 1598 3228 narrat
1629 3177 1893 3241 Agnellus
1939 3181 1997 3227 in
2049 3178 2184 3229 libro
2223 3195 2376 3245 quem
2409 3181 2625 3244 scripsit
2658 3194 2708 3230 a.
2742 3179 2846 3228 859
2879 3176 2944 3225 de

378 3261 503 3309 vitis
546 3261 917 3325 episcoporum
952 3260 1341 3313 Rauennatium
1391 3262 1461 3329 (c.
1494 3263 1598 3325 42,·
1642 3262 1786 3314 Mon.
1827 3262 2097 3328 German„
2141 3263 2258 3314 Scr.
2298 3279 2480 3314 rernm
2516 3261 2855 3327 Langobar-d.
2893 3266 2945 3311 et

379 3344 550 3399 Italic.
567 3361 628 3411 p.
651 3345 798 3413 507),
834 3347 1210 3412 inscriptiones
1235 3363 1393 3414 opere
1427 3363 1607 3398 museo
1643 3363 1954 3412 expressae:
1990 3350 2224 3398 servavit
2258 3350 2633 3413 inscriptiones
2660 3345 2945 3411 plerasque

380 3430 588 3481 libellus
622 3434 798 3482 nescio
836 3446 943 3497 qua
980 3435 1153 3482 aetate
1192 3436 1425 3497 scriptus
1466 3433 1531 3483 de
1566 3433 1787 3483 ecclesia
1823 3432 1935 3496 illa,
1970 3448 2079 3482 una
2116 3432 2350 3483 traditus
2385 3448 2502 3482 cum
2540 3432 2674 3483 libro
2709 3430 2945 3495 Agnelli,

381 3518 788 3582 inscriptionem
822 3516 850 3566 4
887 3518 1049 3565 etiam
1085 3519 1197 3581 ipse
1219 3517 1480 3581 Agnellus
1514 3518 1729 3568 exhibet
1765 3517 2027 3584 (X1276).
2095 3517 2476 3582 Inscriptiones
2510 3532 2612 3581 quo
2647 3516 2803 3566 modo
2840 3516 2946 3566 dis-

376 3602 588 3666 positae
622 3598 834 3660 suerint
865 3617 964 3666 per
992 3604 1232 3666 parietes
1266 3603 1533 3664 ecclesiae,
1570 3604 1836 3667 quaesivit
1868 3601 2035 3664 Quast
2070 3602 2156 3652 die
2192 3601 2473 3654 altchristl.
2510 3601 2807 3652 Bauwerlse
2840 3617 2945 3652 von

374 3684 628 3736 Ravenna
668 3684 869 3750 (Berol.
895 3687 1040 3737 4842.
1065 3684 1189 3753 sol.)
1220 3702 1278 3751 p.
1302 3689 1454 3752 6seq.
1528 3686 1690 3752 (Dedi
1726 3702 1843 3736 eam
1879 3691 2085 3737 tantum
2113 3690 2326 3751 partem
2363 3689 2773 3752 inscriptionum
2809 3702 2947 3753 quae

372 3775 580 3837 spectat
617 3770 692 3820 ad
723 3773 1089 3835 imperatores,
1125 3774 1283 3822 omisi
1315 3774 1603 3821 sententias
1634 3776 1875 3836 sumptas
1908 3787 1979 3821 em
2014 3771 2191 3820 bibliis
2228 3774 2398 3822 sacris
2432 3771 2687 3839 aliaque.)
2742 3772 2946 3824 Factae

372 3859 500 3906 sunt
533 3856 913 3920 inscriptiones
947 3871 1054 3906 non
1091 3859 1216 3906 ante
1250 3873 1298 3907 a.
1323 3859 1442 3918 425,
1479 3872 1584 3922 quo
1622 3856 2039 3907 Valentinianus
2064 3855 2150 3906 ΙΙΙ
2179 3859 2472 3921 imperator
2504 3857 2686 3917 factus
2721 3861 2813 3921 est,
2850 3860 2946 3907 via:

371 3944 494 4006 post
527 3958 577 3991 a.
603 3942 722 4004 454,
758 3954 862 4005 quo
900 3956 1039 3990 anno
1068 3941 1307 3992 Honorio
1338 3943 1550 4007 palatio
1586 3942 1810 4007 expulsa
1835 3945 1926 3992 est.
1954 3970 2021 3979 —
2050 3943 2099 4004 1)
2124 3941 2216 3992 Sic
2241 3941 2497 3992 traditur.
2522 3971 2588 3979 —
2614 3944 2663 4006 2)
2687 3941 2943 4009 D(ivus?)

380 4025 704 4077 Theodosius
733 4026 850 4075 sine
873 4025 1032 4076 dubio
1059 4029 1358 4092 imperator
1383 4031 1475 4088 est,
1508 4033 1663 4093 pater
1686 4026 1976 4092 Placidiae‚
2009 4027 2283 4077 Arcadius
2307 4031 2357 4076 et
2381 4026 2650 4077 Honorius
2672 4027 2779 4088 filii
2812 4030 2943 4091 eius,

373 4110 579 4171 fratres
600 4110 884 4171 placidiae,
924 4110 1217 4162 Gratianus
1252 4116 1304 4162 et
1331 4111 1745 4164 Valentinianus
1782 4111 1885 4179 (Il)
1920 4112 2027 4174 filii
2050 4111 2426 4163 Valentiniani
2459 4113 2688 4161 senioris
2721 4111 2943 4175 ideoque

378 4195 634 4247 avunculi
657 4195 928 4246 Placidiae
964 4195 1114 4261 (nam
1150 4198 1309 4247 huius
1342 4201 1514 4246 mater
1549 4196 1704 4248 Galla
1739 4194 1854 4256 suit
1887 4201 1939 4247 et
1973 4199 2090 4264 ipsa
2124 4197 2242 4259 filia
2271 4196 2642 4248 Valentiniani
2672 4197 2943 4263 senioris),

381 4279 704 4331 Theodosius
735 4296 853 4346 nep.
891 4278 1120 4341 sortasse
1164 4285 1244 4332 est
1274 4282 1422 4343 filius
1458 4281 1729 4332 Placidiae
1766 4298 1836 4332 ea:
1867 4283 2171 4347 Athaulpho
2211 4281 2652 4351 (olympiodorus
2687 4295 2771 4345 ap.
2808 4282 2944 4331 Pho-

377 4368 538 4431 tium,
584 4365 782 4416 Miiller
814 4364 888 4426 fr.
925 4368 1043 4417 hist.
1084 4366 1172 4418 Gr.
1207 4367 1295 4418 IV
1323 4383 1376 4432 p.
1412 4368 1497 4431 62,
1532 4368 1642 4435 26).
1720 4366 2013 4418 Gratianus
2057 4373 2108 4417 et
2154 4369 2383 4419 Ioannes
2423 4369 2645 4433 possunt
2690 4382 2799 4415 esse
2840 4364 2945 4427 filii

382 4450 664 4502 Theodosii
696 4447 943 4509 defuncti
975 4449 1212 4512 infantes
1249 4450 1600 4516 (Gratianum
1642 4451 1815 4514 filium
1858 4451 2138 4503 Theodosii
2173 4457 2444 4503 mortuum
2479 4455 2600 4501 vivo
2633 4455 2806 4517 patre,
2841 4466 2944 4502 me·

374 4541 550 4587 morat
571 4537 887 4587 Ambrosius
910 4536 975 4587 de
999 4539 1148 4588 obitu
1177 4536 1460 4588 Theodosii
1483 4553 1526 4589 c.
1545 4539 1630 4599 24,
1657 4535 1730 4598 cf'.
1761 4535 2044 4587 Tillemont
2061 4541 2096 4588 ὅ
2119 4554 2171 4604 p.
2195 4538 2340 4604 492).
2397 4537 2503 4588 Sed
2524 4552 2623 4586 cur
2645 4534 2780 4602 nep(
2776 4540 2883 4587 otes
2893 4537 2941 4603 Ρ)

376 4623 434 4671 hi
466 4622 750 4686 dicantur,
793 4624 1072 4673 incertum.
1155 4623 1284 4674 Item
1318 4626 1582 4674 incertum
1617 4623 1725 4674 duo
1763 4621 2101 4673 Constantini
2147 4625 2240 4688 qui
2284 4625 2409 4672 sint.
2480 4622 2734 4672 Fortasse
2772 4622 2943 4672 altero

377 4706 490 4757 loco
534 4707 898 4772 reponendum
937 4707 1290 4770 Constantius,·
1335 4711 1429 4758 vioe
1477 4710 1618 4758 enim
1656 4712 1835 4775 potest
1881 4710 2057 4757 abesse
2107 4708 2451 4759 Constantius
2497 4709 2725 4758 maritus
2772 4707 2942 4758 Placi-

381 4791 530 4858 diae,
558 4796 721 4859 pater
757 4789 1125 4842 Valentiniani
1167 4791 1266 4842 111.
1353 4791 1610 4858 (Stemma
1653 4795 1992 4859 propositum
2041 4792 2092 4844 C.
2129 4793 2207 4844 XI
2247 4794 2278 4844 1.
2316 4809 2360 4845 c.
2401 4796 2781 4859 perturbatum
2822 4792 2940 4860 est.)
