3432 5387
611 359 736 417 458
1646 414 1651 417 ,
1734 360 1915 429 Caput
1958 360 2055 415 IX.

769 532 832 582 In
858 531 1127 595 Bulgaria
1161 548 1272 597 rep.
1310 532 1384 581 ad
1407 530 1556 581 Isker
1591 532 1864 596 (Oescum)
1901 534 1958 593 ll.
1995 548 2105 583 non
2142 533 2299 597 longe
2338 548 2372 582 a
2405 530 2624 596 Henna,
2658 534 2697 583 i.
2724 547 2769 583 e.
2812 533 2883 581 in
2919 532 3220 595 provincia

610 616 811 666 Moesia
848 614 1113 674 inferiore
1149 615 1259 677 (III
1292 617 1347 669 S.
1384 617 1517 667 7432
1555 616 1626 666 ad
1658 618 1977 682 apographa
2014 617 2162 682 duo).
2200 644 2266 653 —
2320 619 2369 678 1)
2423 615 2703 682 Trumplia
2750 620 3080 682 praeterea
3113 631 3218 665 noa

604 704 952 763 memoratur,
994 698 1298 766 Trumplini
1320 703 1602 751 memorati
1626 704 1771 751 inter
1788 706 1978 765 gentes
2005 703 2229 766 Alpinas
2254 704 2320 752 ab
2345 702 2591 766 Augusto
2617 701 2870 751 devictas
2909 699 3029 765 (cf.
3053 717 3216 766 supra

602 785 671 837 Ν.
708 787 847 849 847),
892 785 1101 836 addicti
1132 784 1362 846 suerunt
1408 788 1493 835 rei
1520 785 1774 850 publicae
1808 785 2203 837 Brixianorum
2240 786 2321 846 (C.
2359 785 2414 837 V
2447 802 2504 852 p.
2537 786 2694 853 545).
2764 786 3007 835 Horum
3047 788 3218 835 trilm

603 872 777 922 Fabia
802 870 931 931 luit.
953 897 1013 907 —-
1045 872 1095 936 2)
1120 870 1286 935 Legio
1312 873 1560 920 vicesima
1584 886 1635 921 a.
1656 886 1712 935 p.
1741 869 1862 921 Chr.
1884 872 1916 921 6
1938 873 2036 921 sub
2061 870 2365 920 Messallino
2393 873 2450 920 in
2476 870 2700 937 Illyrico
2717 873 3033 936 pugnavit
3058 869 3146 930 (l
3137 871 3215 921 eil.

598 958 652 1020 2,
677 957 818 1019 442).
879 955 1173 1006 Eadem-
1211 956 1414 1006 dicitur
1449 957 1591 1005 enim
1640 956 1789 1019 apud
1828 953 2071 1006 Tacitum
2106 971 2159 1005 a.
2192 954 2243 1020 4,
2275 955 2342 1005 42
2387 953 2597 1005 Tiberio
2629 956 2946 1005 multorum
2964 955 3214 1020 proelio-

598 1056 720 1091 rum
761 1042 909 1090 socia
957 1038 1126 1100 fuisse
1172 1069 1240 1077 —
1286 1057 1336 1092 a.
1382 1041 1444 1091 44
1491 1037 1602 1099 suit
1651 1042 1709 1089 in
1760 1040 2046 1091 Germania
2090 1037 2381 1100 inferiore,
2433 1039 2697 1089 translata
2749 1056 2814 1089 eo
2863 1042 3002 1089 eine
3053 1040 3211 1091 dnbio

597 1128 722 1191 poet
755 1124 958 1175 cladem
996 1125 1311 1177 Varianam.
1384 1124 1484 1174 Hic
1521 1124 1709 1174 titulus
1744 1124 1978 1184 tortasse
1991 1125 2234 1189 pertinet
2267 1123 2342 1174 ad
2372 1123 2598 1173 militem
2632 1140 2702 1173 ea:
2735 1140 2798 1173 ea
2842 1123 3087 1188 legione
3122 1129 3212 1189 qui

601 1212 928 1262 militaverat
952 1213 1011 1260 in
1038 1210 1278 1275 Illyrica.
1337 1209 1465 1259 Alia
1490 1214 1541 1259 et
1565 1211 1798 1260 certiora
1833 1211 2083 1259 elationie
2107 1208 2361 1275 Illyricae
2396 1208 2710 1260 documenta
2745 1212 2884 1259 sunt
2918 1209 3024 1259 Ill
3053 1211 3210 1272 2856,

599 1296 745 1348 2944.
784 1296 872 1346 ΙΙΙ
902 1296 953 1346 S.
989 1296 1137 1347 9909.
1171 1294 1316 1344 9940.

766 1378 937 1464 22'71
1005 1396 1082 1456 M.
1117 1373 3204 1478 mmmm

605 1497 616 1579 Ι
665 1500 799 1578 stip.
846 1497 1023 1571 XVII,
1064 1496 1073 1579 Ι
1114 1499 1171 1558 h.
1217 1518 1264 1560 s.
1313 1507 1421 1558 est.

771 1599 943 1663 Prope
977 1596 1302 1650 Novaesium
1342 1596 1563 1663 (Neues)
1605 1595 1923 1646 Germaniae
1971 1594 2254 1656 inferioris
2289 1612 2401 1661 rep.
2445 1612 2496 1647 a.
2532 1596 2656 1647 4594
2708 1594 3062 1661 (Brambaclz
3097 1600 3202 1649 263

601 1685 680 1733 bis
716 1684 1027 1748 descripta).
1077 1712 1140 1720 —
1196 1686 1245 1745 1)
1282 1682 1477 1747 Fabia,
1514 1682 1754 1731 Patavio.
1791 1709 1860 1718 *-
1896 1682 1948 1744 2)
1993 1680 2056 1730 In
2096 1680 2384 1732 Germania
2421 1681 2687 1742 inferiore
2721 1682 2944 1731 videtur
2982 1686 3199 1733 stetis&

598 1767 738 1832 legio
776 1770 1026 1818 vicesima
1063 1783 1231 1832 usque
1265 1767 1340 1817 ad
1372 1783 1422 1817 a.
1458 1766 1543 1830 43,
1580 1781 1684 1830 quo
1722 1781 1865 1815 anno
1902 1766 2167 1816 translata
2204 1783 2313 1816 esse
2352 1767 2566 1817 videtur
2601 1770 2658 1817 in
2683 1767 3066 1829 Britanniam,
3103 1771 3198 1818 ubi

594 1851 709 1913 fuit
744 1869 794 1904 a.
828 1851 888 1903 64
938 1851 1091 1913 (Tac.
1128 1870 1178 1902 a.
1213 1852 1291 1916 44,
1314 1853 1397 1903 54.
1426 1851 1519 1917 57)
1559 1854 1611 1899 et
1644 1855 1856 1900 morata
1893 1854 1970 1900 est
1999 1867 2102 1916 per
2136 1852 2350 1901 saecula
2389 1848 2487 1917 (cf.
2511 1849 2580 1902 N.
2604 1852 2788 1915 2288),
2823 1852 2979 1901 dicta
3023 1855 3192 1902 etiam

596 1938 921 1988 Britannica
964 1936 1015 1988 C.
1055 1935 1160 1986 A'J!
1189 1936 1345 1987 5482.

768 2038 943 2107 2272
1011 2042 1072 2101 L.
1134 2039 1429 2100 Antonius
1486 2039 1551 2099 L.
1598 2040 1639 2097 f.
1680 2036 1690 2119 Ι
1732 2038 1872 2098 Fab.
1922 2036 2302 2120 Quadraltus,
2359 2039 2613 2102 donatus
2651 2039 2661 2120 Ι
2701 2039 3025 2118 torquibus
3074 2054 3130 2102 et
3176 2042 3187 2122 Ι

605 2141 849 2201 armillis
895 2141 967 2201 ab
1006 2140 1016 2223 Ι
1058 2141 1146 2202 Ti.
1193 2141 1439 2202 Caesare
1486 2140 1577 2200 bis
1596 2141 1631 2213 ¹,
1674 2139 1682 2222 Ι
1724 2139 1837 2219 leg.
1884 2139 1990 2199 XX
2027 2146 2193 2213 (dona
2229 2147 2507 2209 militaria,
2543 2151 2761 2211 signum
2797 2148 3083 2215 leg-iouis).

767 2241 996 2292 Brixiae
1034 2241 1112 2301 (V
1141 2243 1273 2293 4565
1311 2241 1449 2291 vidit
1483 2239 1816 2303 Mommsen).
1842 2268 1904 2276 —
1946 2242 1995 2302 1)
2032 2240 2203 2290 Donie
2238 2240 2565 2290 militaribus
2597 2241 2856 2291 donatum
2895 2258 3008 2291 esse
3048 2243 3183 2293 belle

601 2328 911 2376 Pannonico
961 2325 1118 2387 (Vell.
1163 2327 1228 2390 2,
1272 2326 1394 2391 442)
1446 2328 1673 2374 coniecit
1721 2324 2183 2375 Domaszewskius
2228 2325 2457 2376 Falinen
2504 2329 2577 2376 im
2623 2331 2757 2379 ro'm.
2808 2327 2976 2376 Heere
3013 2343 3078 2392 p.
3114 2330 3186 2379 38

601 2414 709 2461 not.
744 2412 809 2472 2,·
846 2410 984 2459 idem
1007 2408 1334 2474 signiferum
1359 2414 1415 2459 in
1443 2410 1650 2474 legione
1676 2410 2011 2473 Quadratum
2035 2407 2205 2469 luisse
2221 2414 2400 2475 putat,
2435 2416 2656 2475 propter
2688 2412 2982 2475 imaginem
3007 2415 3181 2476 signi.

767 2511 941 2581 2273
1007 2514 1073 2574 L.
1121 2514 1341 2576 Marius
1385 2514 1451 2574 L.
1499 2514 1537 2573 f.
1600 2512 1882 2595 Pulpinea
1926 2513 2222 2575 Baeterris
2260 2515 2271 2595 Ι
2308 2514 2476 2575 miles
2531 2514 2644 2594 leg.
2703 2513 2867 2574 XXl¹
2926 2516 3177 2595 stifpen·

601 2615 833 2677 diorum
874 2616 883 2696 Ι
922 2614 1071 2690 XVI,
1116 2634 1295 2676 anno.
1342 2614 1571 2688 XXXX,
1613 2618 1622 2696 Ι
1662 2616 1758 2676 hic
1803 2614 1896 2675 sit.
1946 2626 2052 2689 est,
2098 2613 2301 2696 fratelr
2343 2615 2682 2677 faciendum
2720 2613 2731 2698 Ι
2770 2617 3013 2677 curavit.

769 2716 1111 2781 Moguntiaci
1148 2717 1474 2782 (Brambaclz
1510 2718 1638 2768 4057
1673 2717 1852 2783 vidit).
1891 2743 1957 2752 —
1997 2719 2047 2781 1)
2081 2715 2250 2780 Legio
2286 2718 2536 2767 vicesima
2569 2720 2751 2782 prima
2786 2734 2838 2768 a.
2872 2719 2934 2768 u
2967 2718 3088 2779 suit
3123 2722 3176 2767 in

598 2802 886 2853 Germania
922 2801 1188 2862 inferiore
1226 2801 1378 2868 (Tac.
1417 2817 1545 2852 ann.
1580 2803 1627 2866 4,
1659 2803 1781 2866 34),
1828 2805 2037 2866 postea,
2073 2807 2213 2851 certe
2257 2818 2307 2852 a.
2342 2805 2432 2866 69,
2480 2805 2536 2852 in
2577 2801 2864 2853 Germania
2897 2807 3175 2869 superiore

594 2885 748 2948 (Tac.
786 2887 905 2937 hist.
943 2886 998 2949 4,
1033 2886 1138 2949 64).
1212 2886 1516 2951 Cognomen
1552 2884 1811 2950 Rapacis,
1862 2890 2215 2935 memoratum
2264 2904 2297 2936 a
2341 2885 2527 2938 Tacito
2577 2886 2725 2951 (hist.
2761 2888 2815 2948 2,
2848 2889 2962 2950 45),
3011 2890 3174 2938 eiiam

594 2974 651 3021 in
697 2971 1059 3036 compluribus
1113 2973 1399 3037 epitaphiis
1457 2970 1690 3020 militum
1740 2973 1855 3020 eius
1909 2969 2244 3020 Germanicis
2301 2971 2630 3036 adscriptum
2689 2975 2768 3020 est
2815 2971 2967 3035 (item
3021 2971 3171 3032 infra

594 3054 661 3105 Ν.
699 3055 880 3121 2284).
917 3083 986 3092 -—
1021 3056 1143 3105 Post
1178 3055 1549 3106 Domitianum
1592 3054 1737 3119 legio
1772 3070 1882 3105 non
1918 3061 2279 3119 memor-amr,-
2325 3071 2536 3106 erasum
2581 3071 2775 3106 nomen
2820 3059 2937 3106 eius
2971 3060 3173 3122 reperi·

597 3144 688 3189 tur
711 3142 768 3188 in
795 3138 954 3188 titulo
982 3138 1033 3189 V
1033 3139 1391 3190 indonissensi
1425 3142 1588 3189 inscr.
1617 3139 1760 3190 Helu.
1785 3142 1888 3191 248
1913 3143 1998 3203 [ε-
2022 3141 2073 3192 C.
2098 3139 2234 3192 XIII
2248 3142 2401 3192 5200.
2424 3141 2612 3203 5204],·
2646 3140 2718 3201 cs.
2738 3155 2918 3206 ‚supra
2943 3140 3014 3192 N.
3039 3142 3172 3193 4038

597 3226 708 3273 not.
742 3226 796 3274 3.

771 3322 944 3393 2274
1009 3326 1142 3386 Sex.
1189 3321 1557 3411 Mu[n]atius¹
1606 3329 1741 3388 Sex.
1788 3330 1827 3388 f.
1869 3329 1879 3409 Ι
1919 3323 2204 3413 [G]alata²
2243 3331 2252 3409 Ι
2292 3330 2493 3391 meiles
2539 3329 2652 3409 leg.
2693 3327 2703 3411 Ι
2743 3318 2983 3389 xxw'

769 3428 943 3492 Prope
966 3425 1363 3477 Alexandriam
1398 3442 1509 3491 rep.
1549 3425 1869 3491 (Neroutsos
1894 3444 2055 3478 revue
2089 3430 2237 3481 arch.
2265 3429 2388 3500 1894
2429 3435 2462 3480 t.
2497 3431 2564 3481 48
2594 3445 2648 3495 p.
2671 3429 2812 3492 544).
2838 3457 2906 3466 —
2945 3432 2993 3492 1)
3029 3426 3169 3478 Mna·

599 3512 699 3563 tius
751 3511 1019 3576 (correxit
1070 3512 1298 3576 editor),
1369 3514 1420 3574 2)
1473 3511 1524 3561 C.
1574 3512 1705 3562 alata
1758 3512 2014 3563 traditur.
2094 3512 2453 3577 Significatur
2498 3516 2654 3578 origo
2701 3531 2770 3564 ex
2821 3512 3048 3564 Galatia.
3100 3538 3164 3549 —

595 3599 645 3660 3)
696 3597 793 3648 Est
830 3597 967 3660 legio
1005 3600 1253 3646 vicesima
1288 3598 1522 3647 secunda
1557 3598 1917 3649 Deiotariana
1962 3599 2135 3662 dicta,
2172 3601 2230 3648 in
2266 3601 2512 3665 Aegypto
2555 3599 2787 3648 tendens.
2870 3598 3162 3663 [aeg-ionum

595 3682 691 3729 sub
716 3683 962 3744 Augusto
999 3683 1058 3730 in
1094 3683 1342 3745 Aegypto
1370 3681 1694 3732 tendentium
1720 3682 1918 3732 milites
1943 3699 2012 3731 ecc
2036 3685 2174 3733 bona
2196 3687 2352 3749 parte
2373 3682 2540 3743 fuisse
2571 3682 2832 3734 oriundos
2855 3699 2925 3733 ex
2952 3681 3160 3732 Galatia

600 3765 830 3814 ostendit
868 3764 1058 3815 titulus
1096 3764 1409 3829 Copliianus
1444 3765 1594 3826 infra
1630 3766 1697 3818 N.
1734 3769 1889 3819 2483.

767 3882 934 3952 2275
1004 3894 1209 3954 (imago
1256 3890 1469 3952 militis)
1506 3887 1574 3956 Q.
1610 3888 1850 3949 Petilius
1896 3888 1966 3957 Q.
2016 3889 2053 3946 s.
2104 3889 2297 3949 011311.ι
2339 3886 2348 3969 Ι
2390 3887 2698 3949 Secundus
2743 3887 2899 3948 dom.
2934 3887 3157 3958 Medic..

602 3988 769 4048 miles
799 3988 912 4066 leg.
950 3988 957 4068 Ι
991 3985 1090 4046 XV
1122 3985 1346 4060 Prim.²‚
1393 4005 1533 4046 ann.
1567 3985 1718 4045 XXV
1760 3986 1768 4068 Ι
1809 3989 1944 4068 stip.
1996 3989 2060 4062 V,
2105 3989 2162 4049 h.
2212 4008 2282 4049 ex
2327 3999 2367 4049 t.
2415 3991 2452 4049 f.
2501 4009 2552 4050 c.

770 4087 991 4137 Bonnae
1030 4085 1355 4146 (Brambacli
1389 4088 1517 4148 479;
1554 4087 1799 4136 Huebner
1834 4103 1920 4138 ex.
1955 4104 2057 4138 scr.
2091 4104 2168 4154 ep.
2194 4089 2338 4155 204).
2364 4115 2443 4131 --
2471 4091 2517 4153 1)
2542 4089 2635 4139 Sic
2669 4104 2777 4139 non
2813 4105 2948 4139 raro
2982 4088 3158 4138 scribi-

614 4187 683 4222 ur
714 4188 816 4238 pro
867 4189 927 4222 eo
963 4172 1108 4237 quod
1144 4171 1471 4221 consuetudo
1508 4173 1843 4236 requirebat,
1891 4170 2003 4223 Ous.
2051 4200 2120 4209 —-
2165 4175 2215 4235 2)
2263 4172 2430 4238 Legio
2480 4173 2681 4223 decima
2732 4176 2926 4238 quinta
2973 4173 3158 4224 Ρνίιηί·

582 4258 774 4321 genia,
824 4259 1126 4321 conscripta
1162 4260 1224 4305 ut
1279 4256 1493 4305 videtur
1541 4273 1573 4305 a
1614 4256 1837 4306 Claudio
1876 4259 1928 4304 et
1969 4260 2029 4307 in
2067 4256 2356 4308 Germania
2392 4255 2656 4319 inferiore
2691 4259 2979 4322 collocata,
3023 4259 3155 4308 certe

592 4343 669 4390 ibi
704 4343 932 4392 telendit
980 4357 1121 4391 anno
1156 4343 1219 4392 69
1269 4340 1299 4407 (
1304 4339 1424 4392 Tac.
1462 4341 1582 4391 hist.
1621 4340 1667 4405 4,
1699 4342 1768 4390 55
1809 4345 1949 4404 cel.).
2022 4343 2146 4391 Post
2193 4357 2393 4392 annum
2439 4344 2501 4393 70
2542 4359 2651 4393 non
2687 4346 3030 4393 memoratur.
3096 4341 3152 4390 ln

597 4425 885 4476 Germania
939 4425 1162 4491 reliquit
1209 4432 1491 4490 praeterea
1545 4424 1712 4474 alium
1764 4429 1977 4491 cippum
2023 4427 2372 4490 sepulcralem
2418 4443 2528 4477 una
2578 4442 2696 4477 cum
2749 4427 2849 4477 lzoc
2894 4431 3150 4492 repertum

593 4509 921 4570 (Brambaclz
954 4512 1074 4572 480)
1114 4514 1165 4558 et
1199 4511 1409 4574 tegulas
1441 4510 1744 4560 nonnullae.

609 4583 3144 4697 mmm

653 4732 748 4773 an.
797 4712 1105 4789 XXXVIII,
1150 4716 1283 4794 stip.
1326 4713 1335 4797 Ι
1375 4714 1579 4789 XVlll,
1626 4717 1683 4776 h.
1731 4736 1777 4777 s.
1825 4736 1877 4777 e.
