3432 5387
503 362 679 418 Tituli
712 362 1088 416 ministrorum
1123 362 1315 416 domus
1352 364 1634 432 Augustae
1670 359 2013 417 condicionis
2047 360 2335 415 libertinae
2370 364 2425 414 et
2460 360 2687 415 servilis.
2747 358 2871 417 355

319 535 386 588 Ν.
421 534 549 588 4567
583 538 695 587 not.
726 534 776 586 4.
812 563 875 572 -
913 536 966 599 3)
1005 532 1086 595 Cf.
1123 531 1430 594 Hirschfeld
1462 548 1548 599 ap.
1584 532 1946 583 Friedliinder
1981 532 2016 586 1.
2052 548 2095 585 c.
2134 562 2199 572 —
2235 536 2288 599 4)
2325 534 2686 588 Christianam
2720 533 2880 595 fidem

314 619 595 687 professus
637 623 756 669 erat
790 619 1072 681 Prosenes,
1119 616 1189 679 ef.
1225 619 1287 669 de
1320 618 1474 670 Rossi
1505 620 1669 669 inser.
1707 619 1819 670 chr.
1855 619 1887 668 Ι
1908 633 1966 683 p.
2000 621 2049 669 9.
2085 646 2151 657 -—
2187 622 2238 683 5)
2278 620 2505 672 Videtur
2531 625 2760 687 periisse
2796 626 2881 675 in-

320 706 520 757 dicatio
558 705 663 755 loci
697 719 801 769 quo
826 701 1116 764 defunctus
1151 709 1228 754 est
1259 705 1511 755 Ptosenes
1542 701 1735 766 (S[ame
1770 703 1823 754 in
1859 701 2206 770 CephalleJnia
2237 710 2524 772 proposuit
2547 707 2882 777 Mommsen).

322 819 390 828 —
425 792 478 853 6)
516 789 764 840 Consules
797 787 1028 850 fuerunt
1060 805 1108 840 a.
1144 788 1257 839 217.
1625 783 1634 790 “

492 939 663 1012 1739
729 942 890 1004 Felix
935 942 1258 1022 Agrippaes
1295 941 1305 1018 Ι
1345 942 1744 1004 cubicularius
1780 940 1789 1023 Ι
1830 952 1889 1003 et
1933 943 2109 1005 Chiae
2153 945 2349 1025 coiugi
2392 947 2535 1021 eius»,
2574 946 2585 1030 Ι
2625 949 2769 1012 ollas
2811 950 2884 1011 11.

500 1043 698 1096 Romae
729 1059 839 1109 rep.
879 1043 953 1094 ad
983 1044 1128 1093 viam
1161 1043 1410 1108 Appiam,
1446 1058 1591 1094 nune
1625 1044 1882 1093 Panormi
1917 1042 2020 1109 (VI
2050 1045 2180 1095 5679
2217 1044 2351 1098 vidit
2382 1046 2714 1117 Mon-mem).

495 1212 666 1282 1740
733 1259 1187 1275 ..........
1224 1209 1350 1298 [qui
1391 1210 1464 1298 et]
1511 1214 1788 1276 Ceionius
1832 1223 1890 1276 et
1919 1215 2119 1277 Aelius
2161 1217 2448 1281 vocitatus
2490 1230 2597 1290 est,
2643 1220 2709 1281 L.
2744 1220 2906 1282 Cae-

329 1317 477 1380 saris
523 1317 632 1378 suit
687 1335 715 1376 a
763 1316 1040 1378 cubiculo
1098 1325 1155 1377 et
1209 1317 1324 1377 divi
1368 1316 1504 1378 Veri
1561 1317 1700 1395 imp.
1750 1311 2080 1402 nutr[itor¹,
2120 1314 2131 1402 Ι
2169 1336 2208 1379 a
2258 1320 2389 1380 divo
2434 1321 2723 1384 Antonino
2783 1320 2889 1384 Pio

328 1438 464 1501 equo
501 1418 766 1499 publico²
804 1430 856 1481 et
900 1414 1242 1504 sae]erdoti0
1288 1418 1693 1492 Caeniniensi‚
1749 1419 1890 1480 item
1933 1419 2145 1499 pontif.
2191 1421 2360 1481 min.⁸
2403 1432 2755 1498 exornatus,
2815 1423 2891 1484 ab

334 1520 539 1583 eodem
571 1539 734 1601 proc.
781 1521 850 1581 ad
894 1521 1041 1582 silic.
1087 1531 1147 1582 et
1176 1522 1361 1600 praes.
1406 1519 1654 1580 vehicul.
1701 1521 1910 1596 factus,
1956 1529 2016 1583 et
2055 1519 2129 1581 ab
2161 1521 2300 1602 imp.
2332 1523 2637 1584 Antonino
2676 1522 2687 1606 Ι
2726 1519 2890 1610 [Any.

336 1634 388 1685 et
434 1624 566 1685 divo
623 1621 764 1684 Vero
810 1641 952 1684 cura
996 1626 1296 1702 copiarum
1339 1617 1685 1706 exercit]us⁴
1731 1622 1785 1682 ei
1831 1622 2112 1698 iniunct.,
2169 1624 2334 1686 hasta
2385 1642 2536 1704 pura
2581 1636 2639 1686 et
2685 1625 2893 1688 vexillo

334 1735 394 1786 et
438 1730 660 1786 corona
691 1724 900 1784 murali
933 1726 1206 1798 donatus,
1252 1741 1416 1803 proc.
1461 1741 1826 1786 summarum
1857 1733 1989 1796 rat„
2033 1743 2170 1786 cum
2202 1726 2441 1787 Ceionia
2471 1726 2668 1788 Laena
2711 1746 2897 1789 uxore

331 1844 438 1888 sua
481 1826 578 1887 hic
620 1827 788 1888 situs.

512 1926 572 1975 In
609 1941 744 1991 agro
778 1924 1017 1977 Romano
1053 1941 1180 1991 rep„
1214 1931 1465 1976 servatur
1499 1924 1757 1974 Fra-scats
1791 1923 1900 1990 (VI
1927 1925 2060 1977 4598
2091 1926 2229 1976 vidit
2264 1928 2517 1995 Henze’n).
2552 1926 2622 1967 —'
2660 1931 2710 1994 1)
2751 1928 2902 1980 Teste

337 2016 451 2062 vita
489 2011 621 2063 Veri
655 2027 697 2063 c.
732 2013 787 2076 2,
819 2013 855 2062 8
889 2026 1009 2061 eum
1047 2010 1218 2061 Verus
1262 2010 1601 2061 educatorem
1638 2010 1890 2059 habuerit
1922 2008 2284 2073 Nicomedem,
2333 2014 2457 2063 hnic
2491 2015 2634 2064 hune
2681 2015 2900 2065 &tulum

340 2099 589 2147 attribuit
622 2098 851 2147 Henzen.
888 2124 955 2134 —
992 2098 1042 2156 2)
1082 2095 1211 2146 Cum
1245 2094 1454 2160 reliqua
1491 2109 1716 2145 muner-a
1753 2098 1813 2145 in
1850 2096 1949 2146 hoe
1996 2095 2152 2147 titulo
2188 2102 2481 2148 memorata
2509 2113 2686 2163 paene
2722 2100 2904 2149 omnia

340 2184 450 2232 sini
473 2184 759 2247 equestria,
792 2181 1143 2248 probabiliter
1166 2181 1444 2230 Henzenus
1471 2181 1672 2245 posuit,
1707 2178 2065 2245 Nicomedem,
2098 2183 2208 2231 sive
2244 2197 2348 2248 quo
2384 2184 2494 2234 alio
2529 2180 2643 2242 l'uit
2674 2185 2906 2248 nomine,

341 2269 399 2317 in
434 2282 552 2316 eum
588 2267 831 2317 ordinem
866 2265 1131 2316 adlectum
1165 2281 1289 2316 esse.
1323 2293 1391 2301 —
1426 2268 1477 2328 3)
1513 2264 1837 2327 Pontificatu
1873 2269 2094 2317 minore.
2128 2293 2197 2303 —
2220 2267 2273 2329 4)
2298 2265 2580 2332 Supplevit
2602 2267 2906 2320 Mommsen.

515 2401 679 2470 1741
747 2404 824 2464 M.
870 2404 1069 2464 Livius
1115 2403 1411 2482 Augustae
1450 2403 1460 2485 Ι
1499 2405 1536 2464 l.
1582 2409 1936 2464 Amarantus
1975 2401 1985 2482 Ι
2023 2420 2201 2483 supra
2246 2404 2638 2467 cubuclarios.

521 2503 717 2556 Romae
755 2503 864 2568 (VJ
891 2505 1019 2555 8766
1054 2503 1322 2569 descripta
1356 2520 1494 2558 saec.
1530 2502 1698 2569 XVI).

516 2657 686 2727 1742
751 2658 860 2719 diis
905 2656 1177 2719 manibus
1215 2654 1225 2739 Ι
1264 2656 1432 2717 Helio
1474 2654 1484 2738 Ι
1523 2658 1698 2718 Actes
1742 2657 1891 2734 Aug.
1936 2656 1997 2716 l.¹
2022 2615 2319 2738 ⁸subortu,
2359 2654 2370 2739 Ι
2409 2615 2782 2720 [cubiculo.
2890 2619 2905 2624 ἐ

520 2759 716 2811 Romae
753 2758 862 2824 (VI
883 2760 1028 2824 8760,
1062 2759 1325 2823 descripta
1360 2773 1496 2808 saec.
1521 2756 1721 2819 XVII).
1745 2785 1810 2794 -
1842 2760 1888 2821 l)
1914 2757 1993 2807 De
2016 2758 2151 2807 Acte
2173 2757 2413 2822 Aug-usli
2447 2758 2636 2809 liberta
2675 2758 2746 2820 cf.
2790 2758 2913 2812 Tac.

351 2862 476 2897 ann.
510 2846 594 2905 43,
631 2844 714 2895 42.
748 2846 826 2895 46.
874 2845 955 2909 44,
988 2845 1058 2906 2;
1093 2842 1239 2895 Suet.
1275 2841 1402 2894 Ner.
1440 2844 1525 2893 28.
1559 2845 1645 2893 50.
1689 2842 1845 2892 Servi
1879 2846 1930 2891 et
1966 2842 2148 2892 liberii
2182 2845 2296 2892 eius
2330 2859 2439 2893 non
2473 2860 2603 2894 raro
2639 2847 2916 2909 reperiun-

353 2936 446 2981 lm·
490 2933 549 2980 in
586 2929 762 2979 titulis
794 2930 1020 2978 urbanis
1054 2926 1151 2992 (cl.
1192 2927 1244 2978 C.
1282 2927 1365 2978 VJ
1398 2927 1427 2977 1.
1465 2930 1553 2990 e.).

526 3081 694 3153 1743
760 3084 822 3144 C.
868 3082 1052 3144 lulius
1094 3083 1208 3143 divi
1246 3082 1257 3162 Ι
1297 3085 1443 3162 Aug.
1490 3083 1528 3143 l.
1574 3081 1737 3142 Felix
1776 3078 1785 3162 Ι
1828 3080 2149 3142 [vatianus⁸
2203 3082 2443 3143 decurio
2482 3080 2493 3164 Ι
2546 3083 2918 3146 cubiclarius.

526 3184 724 3236 Romae
770 3183 845 3234 ad
883 3188 1026 3234 viam
1071 3185 1301 3249 Appiam
1346 3182 1454 3242 (VI
1481 3182 1652 3248 5747).
1721 3182 1786 3231 In
1830 3182 2012 3232 eadem
2048 3182 2230 3232 tabula
2264 3188 2420 3233 eaetat
2454 3182 2643 3234 titulus
2687 3184 2922 3234 aliorum

356 3272 669 3321 libertorum
707 3270 953 3334 Augusti.
988 3297 1054 3306 -
1096 3270 1144 3330 1)
1181 3266 1261 3327 Cf.
1296 3266 1590 3319 Iubatianus
1628 3266 1706 3317 VI
1735 3268 1879 3317 9046.

531 3403 702 3474 1744
765 3406 853 3468 dis
898 3405 1172 3467 manibus
1216 3422 1466 3466 sacrum.
1508 3401 1517 3487 Ι
1558 3403 1831 3464 Claudiae
1877 3403 1966 3464 Ti.
2012 3406 2052 3464 s.
2100 3403 2369 3479 EuresiS,
2428 3405 2522 3484 pia
2578 3406 2688 3465 vix.
2729 3402 2739 3486 Ι
2779 3424 2921 3467 ann.

364 3510 541 3582 XVII,
574 3509 924 3569 Valentinus
954 3526 1025 3568 ex
1059 3505 1068 3588 Ι
1103 3523 1353 3567 numero
1391 3505 1891 3567 cubiculariorum
1926 3508 2115 3584 Aug),
2155 3504 2167 3586 Ι
2208 3507 2342 3567 fecit
2374 3507 2545 3567 uxori
2590 3507 2924 3568 carissimae

375 3621 433 3672 et
478 3610 554 3673 ob
594 3608 605 3692 Ι
643 3610 885 3681 meritis,
932 3609 1093 3688 quod
1136 3627 1199 3670 se
1244 3617 1444 3669 secuta
1489 3616 1645 3668 esset
1681 3607 1693 3681 Ι
1733 3608 1792 3668 in
1839 3607 2146 3686 provincia
2190 3609 2403 3669 Africa.
2479 3608 2550 3668 H.
2595 3628 2643 3669 s.
2691 3627 2742 3668 e.

539 3710 863 3774 Carthagine
908 3724 1017 3774 rep.
1063 3711 1122 3758 in
1171 3708 1352 3759 eodem
1396 3707 1690 3773 sepulcr-eto
1740 3710 1800 3758 in
1847 3723 1951 3772 quo
1998 3705 2067 3758 N.
2113 3707 2244 3759 4550
2292 3706 2450 3772 (Vm
2508 3708 2561 3760 S.
2611 3707 2819 3775 42657).
2863 3737 2928 3747 -

370 3798 419 3859 1)
460 3795 802 3847 Valentinum
839 3796 898 3845 in
933 3793 1184 3854 Africam
1224 3795 1423 3843 venisse
1458 3807 1577 3842 eum
1610 3792 1892 3843 Hadriano
1930 3795 2156 3842 coniecit
2192 3791 2495 3846 Mommsen.

379 3892 456 3900 “’
541 3929 708 3999 1745
763 3893 828 3992 E.
873 3950 948 3998 m.
994 3929 1004 4012 ι
1043 3932 1119 3992 Μ.
1165 3929 1405 3991 Aurelio
1466 3930 1615 4007 Aug.
1672 3930 1775 3990 lib.
1818 3928 1829 4011 ι
1870 3928 2150 3991 onesimo
2195 3927 2452 3989 cumcun.
2499 3937 2630 3989 stat.
2680 3929 2752 4004 1¹,
2802 3927 2931 4008 ιΜ.

371 4034 643 4096 Aurelius
700 4035 1018 4115 Dionysius
1067 4037 1078 4110 1
1129 4043 1381 4113 patrono
1444 4031 1813 4109 pientissimo
1853 4030 1864 4114 Ι
1903 4041 1962 4093 et
2020 4031 2173 4092 hene
2229 4030 2485 4091 merenti
2542 4031 2652 4090 sec.
2691 4028 2703 4110 Ι
2743 4029 2932 4090 Ossua

368 4136 556 4216 posita
613 4135 802 4215 sunt!
852 4137 927 4196 VI
984 4136 1116 4197 idus
1169 4134 1415 4196 Noemb.
1473 4131 1765 4219 Crispilno
1824 4142 1884 4195 et
1940 4134 2184 4194 Aeliano
2244 4133 2408 4205 cos.²‚
2460 4133 2469 4211 Ι
2522 4148 2619 4191 ara
2665 4129 2762 4190 XV
2820 4130 2935 4191 kal.

368 4236 602 4298 Ianuar.
644 4240 653 4318 Ι
691 4238 875 4299 isdem
921 4257 1044 4299 cos.

545 4336 741 4389 Romae
778 4336 885 4403 (Vl
912 4338 1060 4399 8775,
1095 4336 1233 4387 vidit
1266 4337 1520 4405 Henzen).
1555 4367 1624 4376 —
1661 4339 1711 4401 1)
1747 4336 2013 4387 Stationis
2041 4335 2273 4399 primae.
2304 4360 2373 4368 —
2409 4334 2461 4393 2)
2496 4332 2563 4383 A.
2599 4330 2708 4382 187.

545 4473 718 4543 1746
784 4476 840 4536 d.
871 4495 951 4536 m.
992 4475 1002 4553 Ι
1044 4475 1344 4537 Crescenti
1374 4493 1591 4537 vernae
1628 4479 1638 4556 Ι
1680 4473 1941 4537 Caesaris
1974 4493 2055 4547 n.‚
2094 4469 2103 4553 Ι
2144 4469 2507 4532 cubiculario
2554 4468 2824 4530 stationis
2867 4468 2941 4544 11,

378 4572 388 4659 Ι
431 4578 571 4639 vixit
617 4579 791 4639 annis
833 4577 1043 4638 XXVII
1086 4580 1095 4655 Ι
1133 4576 1393 4638 mosibus
1436 4577 1515 4638 Xl
1561 4577 1770 4638 diebus
1814 4576 1912 4636 XI.

552 4677 748 4729 Romae
783 4682 844 4729 in
881 4679 1213 4730 columbario
1250 4677 1428 4728 eodem
1465 4680 1525 4727 in
1563 4692 1666 4743 quo
1701 4675 1771 4728 Ν.
1806 4677 1940 4727 4588
1977 4673 2086 4741 (VJ
2111 4670 2288 4739 5495).

2435 4808 2543 4862 23*
