3432 5387
558 409 682 468 266
1668 409 1848 480 Caput
1883 409 2007 463 1111.

729 579 929 632 Romae
962 596 1073 646 rep.
1109 582 1170 629 in
1199 580 1383 645 platea
1421 577 1581 630 Cenct
1616 578 1794 641 (Gaui
1840 580 1964 630 butt.
2002 594 2134 631 com.
2170 580 2299 632 4887
2326 597 2384 646 p.
2419 582 2527 634 225
2572 584 2666 647 qui
2709 583 3017 650 supplevit).
3055 612 3146 623 —

571 669 620 729 1)
644 665 700 717 V
694 668 834 716 irius
860 666 1040 730 Lupus
1071 660 1380 729 praefectus
1413 665 1540 715 urbi
1568 662 1681 724 fuit
1704 681 1755 715 a.
1778 663 2066 729 278-280,
2102 669 2229 714 teste
2253 666 2514 717 laterculo
2533 665 2934 731 praefectorum
2957 670 3143 721 urbis.

563 751 705 801 Idem
740 766 850 800 non
885 750 1100 800 videtur
1135 749 1378 799 diversus
1412 765 1521 798 esse
1552 766 1586 799 a
1613 748 1766 814 Lupo
1802 749 2018 799 consule
2052 750 2167 800 ord.
2194 768 2243 802 a.
2267 751 2384 803 278.
2408 778 2475 788 -
2503 754 2554 812 2)
2579 751 2833 813 Pontifici
2856 754 2943 803 dei
2967 753 3142 807 Solis.

729 885 896 956 1211
967 890 1033 949 L.
1067 889 1230 950 Aelio
1262 888 1465 949 Helvio
1506 888 1516 969 Ι
1555 889 1872 968 Dionysio¹
1907 907 1959 949 c.
1991 908 2065 961 v..
2107 887 2116 969 Ι
2156 890 2332 951 iudici
2362 908 2666 952 sacrarum
2696 891 3140 973 coglnitionum

561 992 744 1053 totius
790 992 1038 1064 Orien.¹,
1079 989 1088 1073 Ι
1129 991 1383 1071 praesidi
1438 991 1642 1071 Syriae
1688 984 1972 1074 Coele[s],
2026 987 2035 1073 Ι
2086 992 2410 1052 correctori
2467 993 2776 1072 utriusque
2827 991 2837 1074 Ι
2875 994 3138 1068 Italiae³,

563 1094 825 1154 curatori
856 1113 948 1172 aq.
988 1091 999 1176 Ι
1040 1102 1098 1152 et
1126 1093 1453 1163 Miniciae⁴,
1501 1093 1795 1153 curator.⁸
1832 1091 1842 1174 Ι
1884 1112 2132 1173 operum
2163 1088 2641 1178 publicoru[m]⁸,
2683 1093 2694 1179 Ι
2732 1097 2996 1176 pontiflci
3033 1097 3141 1158 dei

564 1195 727 1269 Sol.⁸,
769 1192 780 1275 Ι
819 1196 1130 1274 collegium
1172 1193 1184 1277 Ι
1223 1194 1523 1255 fabrorum
1571 1195 1848 1273 tignuar„
1899 1194 1907 1276 Ι
1962 1196 2160 1256 multis
2211 1196 2270 1256 in
2316 1215 2380 1257 se
2426 1197 2768 1275 patrociniis
2813 1218 2884 1260 co
2914 1246 2928 1258 .
2963 1245 2976 1259 .
3011 1245 3025 1258 .
3062 1245 3076 1259 .
3116 1246 3135 1261 .

733 1294 930 1346 Romae
981 1293 1090 1359 (Vl
1131 1295 1260 1346 4675
1306 1295 1380 1345 ad
1422 1296 1667 1360 exempla
1712 1295 1972 1346 nonnulla
2026 1312 2136 1345 non
2189 1300 2388 1363 optima
2435 1296 2586 1357 facta
2632 1313 2769 1349 saec.
2818 1298 3015 1366 XVII).
3061 1330 3136 1339 --

564 1383 614 1444 1)
649 1380 829 1440 Praefi
867 1382 994 1430 urbi
1028 1397 1079 1432 a.
1115 1380 1232 1439 504,
1271 1386 1393 1430 ante
1429 1395 1583 1446 quem
1619 1396 1821 1431 annum
1858 1382 1943 1430 hic
1978 1381 2168 1431 titulus
2198 1384 2407 1447 positus
2440 1387 2535 1433 est.
2566 1412 2631 1420 —
2659 1386 2709 1447 2)
2736 1383 2815 1444 Cf.
2842 1384 3136 1436 Mommsen

560 1481 710 1515 mern.
748 1465 867 1515 dell’
903 1466 1028 1516 Inst.
1067 1466 1102 1516 2
1136 1484 1189 1530 p.
1223 1466 1343 1518 545.
1381 1493 1446 1502 —
1486 1468 1536 1529 3)
1572 1465 1651 1515 De
1686 1471 1917 1531 utraque
1952 1466 2111 1516 Italia
2151 1466 2220 1526 cs:
2248 1467 2571 1532 Marquardt
2592 1467 2823 1521 Staatstv.
2850 1468 2910 1520 1³
2941 1486 2994 1534 p.
3017 1472 3129 1521 229

558 1555 670 1601 not.
695 1552 769 1603 44.
786 1578 854 1586 -
875 1554 926 1614 4)
953 1548 1032 1610 of.
1057 1566 1222 1616 supra
1249 1548 1315 1601 N.
1342 1550 1462 1601 4444
1488 1555 1597 1602 not.
1617 1552 1663 1601 4.
1685 1578 1747 1587 -
1775 1553 1827 1614 5)
1855 1550 2108 1615 Singulos
2132 1567 2314 1601 versus
2337 1553 2672 1603 inter-cidisse
2695 1557 2755 1602 in
2775 1560 2933 1618 parte
2955 1572 3135 1606 exem-

555 1636 778 1702 plorum
802 1635 1112 1699 adnotatur,
1147 1638 1326 1686 nescio
1348 1651 1477 1686 num
1500 1640 1658 1688 recte.
1681 1664 1750 1673 —
1776 1638 1827 1699 6)
1855 1636 1932 1696 cf.
1956 1652 2120 1703 supra
2146 1636 2213 1688 N.
2236 1636 2408 1703 62412.
2433 1666 2497 1674 -
2524 1637 2614 1688 Ex
2647 1642 2908 1705 rescripto
2944 1642 3135 1706 aliquo

560 1720 891 1771 Diocletiani
931 1726 983 1770 et
1017 1720 1347 1771 Mummiam·
1379 1723 1661 1787 proposito
1701 1721 2031 1786 Carthagine
2075 1739 2125 1772 a.
2161 1724 2288 1784 298,
2332 1724 2392 1771 in
2429 1738 2531 1786 quo
2581 1730 2910 1775 memoratur
2945 1726 3134 1778 Aelius

557 1806 857 1871 Dionysius
894 1823 940 1855 v.
967 1821 1011 1859 c.
1048 1808 1253 1857 amicus
1287 1808 1655 1871 Augustorum
1694 1804 1791 1870 (fr.
1820 1806 1876 1857 V
1871 1810 1943 1857 at.
1971 1806 2078 1872 44),
2114 1808 2330 1871 collegit
2350 1808 2681 1873 Borghesius
2719 1825 2841 1873 opp.
2864 1812 2904 1863 3
2933 1826 2989 1876 p.
3015 1812 3131 1874 405,

555 1891 767 1942 Aelium
790 1890 1117 1958 Dionysium
1151 1890 1321 1952 fuisse
1347 1908 1405 1942 eo
1441 1907 1586 1942 anno
1608 1891 1980 1956 proconsulem
2011 1890 2236 1952 Africae
2246 1912 2266 1955 ,·
2300 1893 2394 1943 sed
2415 1909 2585 1959 neque
2608 1894 2704 1944 illa
2729 1911 2815 1944 res
2851 1901 2997 1947 certa
3034 1902 3131 1963 est,

558 1991 730 2040 neque
766 1982 952 2026 utrum
986 1976 1080 2026 illo
1119 1978 1234 2027 loco
1268 1977 1607 2042 significetur
1644 1978 1733 2026 hic
1768 1978 1952 2027 Aelius
1989 1977 2299 2043 Dionysius,
2337 1994 2408 2028 an
2443 1981 2491 2029 is
2528 1981 2623 2043 qui
2657 1985 2735 2029 est
2768 1979 2837 2033 N.
2860 1981 3012 2033 4242.

728 2108 902 2180 1212
967 2113 1200 2173 Fulviae
1240 2111 1249 2194 Ι
1289 2111 1748 2195 Augurinialnae
1779 2132 1830 2174 c.
1863 2116 1923 2187 f„
1971 2116 2034 2175 P.
2069 2115 2232 2176 Helvi
2266 2116 2390 2176 Aeli
2431 2116 2440 2195 Ι
2481 2118 2722 2198 Dionysi
2753 2137 2919 2180 cons.
2951 2120 3078 2195 viri,
3117 2116 3124 2202 Ι

558 2232 714 2274 corr.
762 2214 1064 2295 Campan.¹
1114 2217 1301 2287 uxori,
1341 2212 1351 2295 Ι
1393 2215 1690 2276 Formiani
1737 2215 1995 2294 publice.

729 2314 970 2365 Formiis
1002 2331 1132 2381 rep„
1168 2320 1245 2365 est
1268 2314 1501 2381 Neapoli
1536 2316 1611 2381 (Χ
1628 2319 1758 2368 6084
1793 2317 1930 2367 vidit
1966 2316 2299 2384 Mommsen).
2338 2346 2401 2355 —
2444 2319 2493 2382 1)
2529 2319 2683 2369 Hunc
2715 2321 2985 2372 diversum
3022 2339 3132 2373 esse

562 2415 595 2448 a
631 2398 693 2452 L.
729 2398 883 2449 Aelio
919 2400 1102 2451 Helvio
1138 2400 1405 2466 Dionysio
1449 2401 1513 2453 Ν.
1553 2403 1680 2453 4244
1731 2418 1838 2453 non
1871 2402 2041 2452 solum
2075 2417 2429 2467 praenomen,
2475 2404 2570 2454 sed
2613 2407 2774 2455 etiam
2819 2412 3133 2457 correctura

563 2481 888 2548 Campaniae
924 2485 1173 2536 ostendit.

729 2620 899 2690 1213
966 2668 1523 2684 ............
1566 2626 1575 2704 Ι
1616 2624 2177 2704 religiosissimoque
2228 2625 2236 2709 Ι
2277 2626 2338 2686 C.
2394 2627 2670 2688 Caeionio
2730 2630 2903 2690 Rufio
2950 2630 3130 2691 Volu-

558 2727 759 2788 sian0¹
805 2747 856 2787 v.
904 2746 977 2801 c.‚
1018 2727 1026 2808 Ι
1069 2746 1226 2789 corr.
1274 2728 1473 2789 Italiae
1518 2747 1626 2806 per
1676 2746 1870 2788 annos
1915 2728 2104 2801 octo²‚
2146 2728 2157 2808 Ι
2194 2732 2538 2807 proconsuli
2585 2731 2839 2806 Africae,
2880 2731 2888 2813 Ι
2928 2735 3132 2796 comiti

561 2829 785 2890 domini
835 2830 1021 2890 nostri
1056 2826 1065 2908 Ι
1101 2829 1473 2892 Constantini
1514 2831 1715 2892 invicti
1757 2841 1816 2892 ct
1851 2828 1861 2913 Ι
1903 2831 2174 2910 perpetui
2221 2849 2456 2910 semper
2487 2832 2753 2911 Augusti,
2788 2832 2798 2916 Ι
2827 2837 3128 2915 praefecto

562 2931 716 3005 urbi,
762 2931 941 2992 iudici
989 2951 1288 2993 sacrarum
1330 2930 1340 3014 Ι
1380 2934 1813 3011 cognitionum,
1860 2933 2136 2994 consuli.³

729 3030 927 3081 Romae
961 3035 1020 3081 in
1058 3033 1186 3082 aede
1223 3032 1277 3083 S.
1314 3034 1677 3094 potentianae,
1713 3036 1929 3098 saepius
1963 3033 2231 3097 descripta
2267 3049 2401 3084 saec.
2440 3033 2539 3084 XV
2574 3038 2625 3083 et
2659 3033 2790 3086 XVI
2821 3036 2932 3101 (VI
2960 3037 3129 3104 4707).

560 3144 622 3151 -
668 3117 714 3178 1)
753 3115 896 3165 [dem
931 3122 1008 3165 est
1052 3119 1146 3181 qui
1184 3120 1369 3183 posuit
1401 3133 1566 3182 supra
1613 3119 1829 3168 titulum
1864 3118 1932 3169 Ν.
1956 3119 2085 3183 692,
2130 3122 2292 3182 pater
2331 3117 2536 3169 Ceionii
2571 3118 2720 3182 Rufii
2754 3121 2943 3171 Albim·
2975 3120 3127 3183 infra

558 3198 626 3251 Ν.
656 3200 812 3251 4222.
851 3228 918 3237 -
954 3202 1005 3263 2)
1044 3200 1327 3252 Cor-rector
1363 3202 1558 3252 ltaliae
1585 3206 1774 3268 posuit
1809 3219 1857 3254 a.
1895 3204 2004 3255 283
2041 3202 2121 3252 vel
2153 3204 2254 3254 284
2292 3203 2507 3253 titulum
2533 3205 2883 3255 Puteolanum
2908 3205 2961 3257 X
2980 3207 3130 3260 4635.

557 3313 624 3323 —
662 3287 712 3349 3)
755 3284 964 3335 Te'tulus
998 3287 1046 3334 .ςί
1079 3287 1291 3349 integer
1326 3285 1495 3347 infine
1531 3291 1626 3350 est,
1667 3290 1876 3351 positus
1922 3293 2000 3337 est
2044 3291 2168 3337 ante
2217 3288 2323 3338 kal.
2358 3288 2473 3340 Ian.
2507 3289 2608 3341 344
2657 3305 2761 3355 quo
2803 3291 3132 3342 Volusianus

552 3372 816 3435 processit
851 3371 1036 3420 consul
1066 3373 1276 3422 iterum.

736 3521 907 3593 1214
971 3525 1304 3604 Dogmatii.¹
1332 3524 1448 3608 -Ι
1477 3524 1861 3611 Honori21C.
1896 3527 2089 3589 Caelio
2122 3528 2447 3588 Saturnino
2481 3547 2530 3588 v·
2562 3547 2636 3602 c.‚
2663 3526 2672 3612 Ι
2699 3529 2908 3591 allecto
2940 3530 3133 3610 petitu

563 3638 805 3689 senatus
852 3628 1007 3688 inter
1044 3626 1052 3709 Ι
1094 3629 1465 3702 consulares,
1511 3630 1708 3690 comiti
1757 3631 1811 3690 d.
1861 3650 1919 3690 n.
1966 3630 2341 3691 Constantini
2382 3631 2390 3713 Ι
2434 3632 2669 3693 victoris
2700 3636 2866 3711 Aug„
2910 3632 3128 3693 vicario

562 3731 969 3810 praefecturae
1007 3729 1018 3811 Ι
1060 3731 1275 3805 urhis³‚
1322 3732 1499 3792 iudici
1545 3751 1846 3793 sacrarum
1894 3751 2056 3812 cog„
2117 3734 2333 3794 vicario
2372 3731 2382 3814 Ι
2424 3735 2626 3812 praeff.
2671 3735 2969 3813 praetorio
3016 3734 3125 3809 bie,

561 3833 620 3893 in
670 3833 818 3893 urbe
864 3833 1081 3893 Roma⁴
1120 3831 1130 3915 Ι
1171 3843 1230 3894 et
1273 3854 1380 3914 per
1424 3835 1690 3914 Mysias⁸‚
1739 3835 2125 3895 examinatori
2169 3854 2279 3915 per
2322 3832 2619 3915 Italliam⁸,
2675 3838 2975 3915 praefecto
3021 3856 3130 3898 an·

564 3954 725 3996 none
771 3934 967 4008 urbiS,
1026 3933 1314 4016 ratiolnali
1358 3937 1637 4016 private⁷‚
1693 3938 1912 3998 vicario
1959 3956 2222 3998 summae
2267 3938 2352 3998 rei
2394 3936 2403 4018 Ι
2441 3939 2740 3999 rationum
2758 3939 2797 4010 ⁸,
2856 3939 3130 4000 rationali

561 4038 779 4099 vicario
823 4057 934 4117 per
972 4034 981 4119 Ι
1022 4037 1286 4111 Gallias⁸,
1334 4040 1614 4118 magistro
1661 4058 1926 4112 censum,
1974 4041 2190 4101 vicario
2232 4043 2240 4118 Ι
2280 4059 2310 4100 3
2357 4041 2620 4102 consiliis
2664 4041 2897 4110 sacris⁸,
2946 4041 3129 4120 magi-

560 4149 682 4202 stro
728 4138 1108 4221 stuldiorum‚
1156 4141 1433 4217 magistro
1481 4141 1835 4215 libellorum,
1883 4140 2222 4224 ducelnario
2268 4163 2298 4203 a
2333 4143 2645 4217 consiliis⁹,
2691 4162 2887 4223 sexag.
2919 4162 2950 4203 a
2983 4163 3132 4205 con-

561 4241 705 4302 siliis
752 4241 1059 4317 'sacris¹⁰‚
1119 4261 1313 4321 sexag.
1359 4244 1692 4304 studiorum
1748 4244 2033 4316 adiutori,
2083 4240 2094 4326 Ι
2145 4245 2271 4306 fisci
2316 4245 2594 4306 advocato
2640 4264 2750 4326 per
2808 4245 3068 4320 ltaliam,
3119 4243 3129 4329 Ι

564 4342 626 4404 C.
675 4342 761 4403 Fl.
809 4343 1036 4404 Caelius
1081 4343 1358 4406 Urbanus
1399 4364 1453 4404 v.
1499 4365 1550 4405 c.
1594 4345 1602 4422 Ι
1643 4345 1989 4418 consularis,
2037 4347 2208 4425 patri.

732 4441 930 4492 Romae
964 4459 1074 4508 rep.
1112 4444 1185 4493 ad
1218 4444 1428 4494 radices
1450 4448 1648 4494 montis
1674 4444 1974 4508 Quirinalis
2005 4447 2147 4496 basis
2183 4462 2303 4496 cum
2326 4451 2528 4511 statua,
2566 4450 2646 4496 est
2679 4449 2738 4497 in
2775 4463 2953 4498 muwo
2979 4447 3135 4498 Late-

559 4530 781 4577 ranensi
817 4527 922 4592 (VI
944 4527 1109 4594 4704).
1183 4529 1482 4579 Illa-stravit
1514 4529 1806 4579 Mommsen
1843 4530 2099 4580 Memor-ie
2134 4532 2255 4581 delt'
2290 4531 2543 4583 Instituta
2571 4534 2717 4584 arch.
2743 4531 2845 4582 vol.
2870 4532 2930 4583 II
2949 4531 3128 4600 (4863)

554 4627 613 4676 p.
648 4612 749 4662 299
767 4627 871 4676 seq.
910 4641 975 4649 —
1019 4615 1066 4676 1)
1102 4613 1385 4678 Dogmatii
1419 4614 1759 4675 vocabulum,
1806 4629 2070 4678 agnomen
2105 4620 2221 4667 sine
2256 4617 2418 4667 dubio
2454 4617 2761 4679 Saturnini,
2799 4618 3001 4682 legitur·
3033 4620 3130 4668 sub

560 4698 680 4760 ipsa
706 4700 886 4747 statua
912 4701 969 4746 in
991 4697 1217 4762 plintho,
1252 4700 1463 4764 reliqua
1489 4703 1546 4749 in
1572 4702 1701 4750 basi.
1731 4728 1795 4736 -—
1828 4702 1878 4763 2)
1903 4700 2047 4750 Idem
2071 4703 2386 4752 vocabulum
2408 4705 2830 4769 superscriptum
2854 4704 3133 4752 invenitur·

564 4779 738 4830 titulis
774 4781 1085 4832 honorariis
1118 4780 1271 4841 infra
1309 4782 1374 4835 N.
1410 4784 1562 4836 4220.
1589 4784 1724 4836 4245
1762 4782 1859 4850 (cl'.
1886 4787 2047 4835 etiam
2087 4784 2136 4837 C.
2176 4785 2226 4836 V
2244 4787 2392 4838 3404.
2429 4786 2536 4838 XII
2553 4788 2731 4852 3463).
2753 4816 2825 4826 -
2849 4790 2899 4851 3)
2936 4785 3133 4838 Munus
