3432 5387
575 402 699 462 576
1701 404 1881 475 Caput
1915 405 1982 459 X.

743 575 943 627 Romae
983 592 1150 643 prope
1197 578 1497 628 columnam
1552 576 1779 628 Traiani
1829 578 1935 643 (VI
1973 578 2100 629 4486
2144 578 2303 628 semel
2363 578 2630 643 descripta
2672 594 2808 631 saec.
2853 578 3023 647 XVI).
3073 610 3150 620 —

573 664 626 726 1)
651 662 716 712 A.
739 660 1030 714 378-396.
1056 691 1118 698 -
1158 664 1210 726 2)
1235 661 1466 713 Videtur
1503 661 1692 713 Victor
1725 666 1958 727 scriptor
1994 664 2300 727 historicus,
2335 679 2385 714 a.
2407 663 2505 715 364
2530 665 2842 714 Pannoniae
2874 666 3147 717 secundae

577 763 610 796 a
660 746 874 796 Iuliano
919 749 1285 812 praepositus,
1324 740 1518 797 ‘multo
1560 753 1685 814 post
1732 749 1859 798 urbi
1899 737 2233 814 praefectus'
2282 748 2478 809 (Amm.
2526 748 2694 800 Marc.
2730 748 2813 812 24,
2847 748 2925 811 40,
2959 750 3035 816 6).
3074 780 3145 789 -

575 832 776 883 Falsus
812 835 889 880 est
923 832 1115 882 titulus
1148 832 1316 882 eidem
1356 833 1567 884 Victori
1601 834 1891 883 attributus
1930 832 2086 884 Orell.
2120 832 2252 886 3746
2290 835 2381 894 (ιι-
2402 832 2455 883 C.
2497 831 2552 884 V
2575 835 2671 884 486
2682 832 2755 899 *).

751 964 924 1037 2946
989 968 1269 1031 Eusebii.¹
1309 968 1319 1052 Ι
1360 970 1431 1041 Q.
1475 970 1618 1030 Aur.
1664 970 2015 1050 Symmacho
2067 989 2119 1029 v.
2166 988 2238 1042 c.‚
2278 967 2289 1049 Ι
2328 981 2575 1049 quaest„
2618 981 2827 1051 praet„
2871 972 3144 1051 pontiflci

580 1067 589 1153 Ι
617 1071 825 1132 maiori
840 1071 879 1144 ²,
911 1071 1237 1132 correctori
1264 1072 1554 1134 Lucaniae
1579 1081 1639 1133 et
1660 1072 2003 1133 Brittiorum
2018 1072 2057 1147 ⁸,
2095 1071 2102 1153 Ι
2132 1073 2329 1133 comiti
2354 1073 2579 1135 ordinis
2601 1074 2781 1147 tertii,
2814 1071 2825 1154 Ι
2857 1092 3141 1153 procons,

581 1172 867 1246 Africae⁴‚
913 1174 1096 1251 praef.
1137 1170 1147 1254 Ι
1187 1174 1362 1248 urb.⁸‚
1420 1195 1541 1237 cos.
1589 1175 1944 1247 ordinario⁶‚
2000 1170 2010 1255 Ι
2063 1175 2282 1235 oratori
2343 1174 2759 1249 disertissimo,
2817 1172 2826 1256 Ι
2877 1175 2947 1246 Q.
2991 1175 3136 1236 Fab.

577 1275 815 1335 Memm.
863 1276 1280 1356 Symmachus⁷
1321 1276 1331 1355 Ι
1368 1295 1421 1337 ν.
1469 1297 1520 1340 c.
1567 1278 1719 1357 patri
1766 1277 2011 1356 optimo.

751 1372 950 1424 Itomae
995 1378 1054 1425 in
1099 1382 1277 1426 monte
1314 1377 1520 1443 Caelio,
1565 1379 1661 1429 ubi
1695 1378 2042 1446 Symmachos
2089 1378 2411 1427 habitavisse
2454 1382 2681 1442 apparet
2725 1394 2795 1427 ex
2829 1377 3138 1443 Symmachi

581 1460 818 1509 oratoris
841 1474 918 1524 ep.
944 1461 998 1523 3,
1021 1461 1105 1512 42.
1130 1463 1213 1513 88.
1249 1463 1295 1523 7,
1320 1462 1401 1524 48,
1426 1480 1559 1529 rep„
1582 1465 1658 1514 ibi
1680 1465 1776 1513 ubi
1810 1464 1967 1513 hodie
1990 1466 2068 1511 est
2091 1461 2218 1511 villa
2245 1461 2424 1512 Casali
2449 1461 2523 1527 (V
2525 1462 2551 1512 1
2573 1461 2698 1513 4699
2722 1462 2857 1512 vidit
2880 1462 3139 1527 Henzcn).

585 1541 795 1594 Titulus
820 1547 1035 1609 positus
1070 1545 1389 1612 Symmacho
1427 1550 1638 1600 oratori
1683 1564 1716 1598 a
1766 1547 1880 1608 filio
1920 1546 1976 1609 Q.
2012 1546 2187 1597 Fabio
2224 1545 2467 1596 Memmio
2506 1546 2839 1613 Symmacho.
2908 1547 2988 1596 De
3022 1550 3138 1597 vita

579 1627 891 1694 Symmachi
924 1633 1038 1694 egit
1058 1630 1223 1682 Seeck
1250 1631 1430 1698 praef.
1457 1633 1530 1684 ad
1554 1632 1753 1699 Symm.
1789 1648 1841 1697 p.
1868 1630 2091 1683 XXXIX
2101 1648 2208 1696 seq.
2242 1633 2421 1681 Patris
2455 1634 2572 1681 eius
2605 1632 2823 1682 titulum
2857 1632 3139 1681 habuimus

577 1729 743 1779 supra
789 1713 855 1765 Ν.
892 1715 1040 1767 4257.
1075 1745 1143 1755 —-
1180 1720 1230 1782 1)
1265 1718 1544 1783 Agnomen
1582 1719 1893 1786 Symmachi
1933 1721 2214 1782 praeterea
2260 1719 2523 1779 ignotum.
2561 1745 2623 1753 —
2672 1719 2722 1779 2)
2770 1716 3137 1768 Sacerdotium

576 1799 791 1862 saepius
826 1807 1155 1852 memoratur
1189 1804 1254 1852 ab
1290 1805 1407 1867 ipso
1443 1804 1761 1871 Symmacho
1800 1801 1903 1864 (cf.
1940 1801 2100 1853 Seeck
2128 1817 2184 1868 p.
2220 1800 2398 1852 XLVI
2430 1805 2538 1851 not.
2576 1803 2716 1869 437).
2744 1831 2808 1840 —
2847 1804 2900 1865 3)
2937 1804 3000 1853 A.
3034 1804 3138 1854 365

581 1883 722 1943 (cod.
775 1881 966 1935 Theod.
1013 1888 1074 1947 8,
1121 1889 1184 1948 5,
1231 1888 1344 1953 25).
1401 1917 1469 1926 —
1521 1891 1575 1953 4)
1628 1886 1922 1939 Proconsul
1969 1885 2197 1947 Africae
2246 1884 2359 1946 fuit
2411 1903 2461 1937 a.
2509 1887 2800 1939 373-374
2853 1886 2922 1946 cll
2976 1886 3142 1936 Seeck

573 1983 629 2032 p.
655 1966 1106 2031 XLVIIJXLVIII
1136 1978 1246 2022 not.
1271 1972 1368 2024 448
1383 1990 1489 2038 seq.
1527 1972 1646 2038 (sed
1666 1977 1795 2024 nota
1825 1972 2193 2023 Constantium
2229 1975 2323 2037 qui
2357 1975 2407 2020 ei
2444 1973 2657 2023 videtur
2685 1975 3005 2037 successisse,
3029 1987 3140 2021 non

578 2067 753 2101 mense
777 2053 916 2118 Sept.
943 2071 994 2105 a.
1016 2057 1118 2107 375
1138 2059 1507 2121 proconsulem
1531 2057 1716 2119 fuisse,
1742 2061 1803 2107 ut
1827 2057 2029 2121 legitur
2054 2060 2112 2106 in
2138 2057 2248 2107 cod.
2282 2055 2497 2118 Theod„
2532 2059 2624 2107 sed
2644 2059 2919 2122 aliquanto
2956 2063 3135 2119 antea,

581 2133 651 2195 ef.
676 2151 840 2203 supra
866 2139 939 2189 ad
961 2139 1028 2192 N.
1054 2142 1228 2209 4287).
1288 2142 1351 2192 In
1381 2144 1769 2207 proconsulatu
1791 2145 1971 2206 posuit
2009 2141 2333 2205 Carthagine
2359 2144 2571 2193 titulum
2594 2144 2732 2192 hunc
2753 2157 2925 2206 nuper
2947 2157 3133 2205 reper-

581 2226 695 2271 tum
739 2222 1005 2288 (Comptes
1049 2227 1248 2277 rendus
1282 2229 1345 2278 de
1381 2227 1583 2282 I'Acad.
1620 2228 1710 2278 des
1745 2231 1904 2277 inser.
1941 2227 2071 2279 4889
2102 2243 2154 2291 p.
2192 2229 2349 2295 428).·
2397 2226 2453 2287 Q.
2488 2226 2715 2277 Aurelius
2746 2228 2755 2292 Ι
2787 2225 3124 2293 Symmachus

578 2321 627 2357 ν.
665 2321 709 2356 c.
742 2306 749 2373 Ι
782 2308 1086 2374 proconsule
1123 2327 1171 2377 p.
1209 2312 1267 2363 A.
1298 2312 1308 2377 Ι
1341 2328 1387 2363 v.
1424 2327 1464 2363 e.
1502 2314 1536 2363 i.
1578 2313 1823 2363 constitui
1859 2312 2024 2363 iussit.
2096 2313 2379 2363 Praeterea
2418 2314 2513 2361 huc
2543 2315 2775 2377 pertinet
2809 2309 2939 2361 VIII
2965 2310 3117 2363 5347.

582 2420 641 2428 --
684 2395 737 2456 5)
771 2394 837 2444 A.
871 2396 988 2446 384.
1025 2425 1093 2434 -
1128 2398 1179 2461 6)
1215 2397 1280 2447 A.
1312 2398 1431 2449 394.
1507 2396 1554 2448 T
1550 2397 1742 2447 itulum
1783 2399 2022 2461 positum
2067 2413 2175 2447 esse
2212 2398 2529 2448 crediderim
2574 2413 2683 2447 non
2727 2396 2889 2446 multo
2920 2399 3125 2460 postea,

580 2494 691 2529 una
728 2495 846 2529 cum
882 2480 949 2530 Ν.
984 2481 1129 2532 2947.
1163 2509 1234 2521 --
1270 2485 1319 2544 7)
1356 2482 1500 2532 Idem
1533 2486 1715 2548 posuit
1751 2482 1967 2533 titulum
2004 2485 2099 2548 qui
2130 2485 2393 2547 sequitur.

502 2698 511 2708 ι
751 2616 923 2686 2947
988 2620 1146 2682 Virio
1179 2621 1536 2683 Nicomacho
1568 2622 1876 2684 Flaviano¹
1925 2641 1974 2681 v.
2008 2640 2057 2681 c.
2100 2619 2109 2703 Ι
2150 2631 2393 2700 quaest..
2428 2630 2634 2701 praet..
2667 2619 2877 2700 pontif.
2911 2620 3138 2692 maiori,

583 2723 882 2784 consulari
930 2724 1191 2797 Siciliae,
1233 2723 1242 2806 Ι
1297 2726 1511 2787 vicario
1558 2726 1844 2798 Africae²‚
1897 2724 1907 2804 Ι
1959 2724 2253 2802 quaestori
2300 2723 2456 2785 intra
2502 2721 2840 2794 Palatium³‚
2892 2721 2904 2801 Ι
2950 2723 3143 2801 praef.

581 2834 770 2904 praet.
815 2826 1081 2898 iterum⁴‚
1136 2822 1145 2907 Ι
1184 2846 1303 2888 cos,
1352 2828 1523 2902 ord.⁶‚
1576 2827 1586 2909 Ι
1643 2828 1926 2889 historico
1970 2825 2409 2898 disertissimo⁶,
2462 2823 2471 2907 Ι
2523 2825 2595 2896 Q.
2642 2825 2782 2885 Fab.
2828 2824 3140 2886 Memmius

581 2927 1003 3006 Symmachus⁷
1047 2948 1098 2988 v.
1145 2948 1196 2988 c.
1238 2931 1248 3005 Ι
1286 2947 1609 3009 prosocero
1656 2927 1927 3008 optimo.⁸

753 3024 950 3076 Itomae
983 3029 1062 3077 ibi
1095 3031 1189 3079 ubi
1219 3027 1283 3080 N.
1312 3031 1438 3081 2946
1474 3029 1581 3095 (VI
1609 3028 1740 3079 4782
1776 3027 1912 3078 vidit
1948 3028 2202 3095 Henzen).
2228 3056 2289 3065 —
2333 3029 2379 3092 1)
2414 3026 2495 3077 De
2521 3025 2848 3077 Nicomacho
2872 3026 3145 3077 Flaviano

583 3115 810 3175 egerunt
833 3112 897 3161 de
918 3110 1086 3175 Bessi,
1113 3128 1229 3163 cum
1251 3116 1485 3178 primum
1512 3115 1729 3164 titulum
1753 3111 1821 3165 N.
1838 3115 1974 3165 2948
1999 3114 2192 3176 ederet,
2214 3128 2340 3163 ann.
2364 3115 2488 3163 inst.
2514 3113 2662 3165 arch.
2680 3112 2806 3163 4849
2823 3128 2878 3177 p.
2895 3112 2993 3161 294
3011 3127 3140 3175 seq„

580 3198 706 3245 item
733 3194 894 3246 Seeck
914 3195 1091 3261 praefi
1128 3198 1200 3247 ad
1218 3198 1597 3264 Symmachum
1630 3215 1684 3265 p.
1713 3198 1857 3250 CXII
1869 3215 1973 3264 seq.
2034 3199 2107 3249 Et
2131 3201 2342 3263 positus
2377 3201 2456 3247 est
2487 3200 2647 3246 etiam
2683 3195 2874 3245 titulus
2896 3194 2962 3246 Ν.
2983 3196 3142 3246 2948.

582 3279 672 3331 Ad
705 3280 927 3330 eundem
964 3281 1122 3332 datae
1155 3287 1281 3333 sunt
1315 3285 1574 3349 epistulae
1598 3283 1907 3350 Symmachi
1939 3299 2019 3349 ep.
2043 3284 2095 3344 2,
2121 3282 2149 3333 4
2169 3300 2273 3349 seq.
2335 3283 2398 3333 In
2434 3283 2656 3333 eundem
2685 3285 2748 3330 ut
2782 3280 3012 3344 videtur,
3046 3280 3144 3330 sed

581 3368 795 3415 nomine
831 3382 938 3416 non
971 3370 1173 3431 posite,
1222 3370 1497 3418 invehitur
1542 3374 1735 3419 auctor
1780 3370 2035 3418 carminis
2072 3385 2099 3417 e
2135 3369 2316 3418 codice
2348 3369 2625 3418 Par-isiaco
2660 3367 2794 3416 editi
2827 3370 2879 3415 et
2913 3367 2977 3414 ab
3015 3365 3142 3414 aliis

581 3456 634 3501 et
680 3468 712 3501 a
762 3451 1080 3502 Mommseno
1124 3452 1300 3503 Herm.
1335 3454 1365 3502 4
1409 3470 1461 3518 p.
1497 3456 1613 3505 554.
1663 3482 1727 3491 -
1777 3456 1828 3518 2)
1876 3455 1938 3504 A.
1972 3455 2071 3504 377
2117 3453 2255 3518 (cod.
2310 3451 2505 3504 Theod.
2552 3452 2639 3515 46,
2672 3454 2719 3514 6,
2753 3452 2821 3511 2,·
2863 3449 3133 3500 Ammian.

582 3537 669 3597 28,
704 3539 753 3601 6,
787 3538 858 3588 28
870 3556 889 3598 ,-
922 3538 1212 3601 Augustin.
1249 3553 1328 3602 ep.
1364 3540 1445 3599 87,
1480 3540 1530 3599 8,
1567 3554 1690 3588 nam
1729 3540 1816 3588 hic
1852 3554 2059 3604 quoque
2094 3539 2241 3588 locus
2275 3537 2349 3588 ad
2379 3538 2602 3588 eundem
2636 3535 2851 3586 videtur
2880 3539 3136 3599 spectare,

585 3619 656 3681 cll
682 3622 747 3672 de
771 3621 923 3672 Bessi
945 3638 1070 3673 ann.
1107 3626 1228 3673 inst.
1250 3622 1379 3673 4849
1410 3639 1465 3688 p.
1490 3624 1622 3685 294,·
1658 3622 1821 3674 Seeck
1846 3623 2044 3690 Symm.
2072 3619 2253 3688 praeli
2285 3640 2339 3688 p.
2382 3621 2558 3674 CXIV
2582 3629 2689 3672 not.
2711 3621 2855 3685 556).
2881 3648 2943 3656 —
2969 3621 3019 3680 3)
3045 3618 3134 3667 Ad

584 3711 926 3771 quaesturam
959 3709 1106 3758 sacri
1128 3707 1328 3758 Palatii
1351 3713 1631 3773 promotus
1666 3712 1746 3756 est
1780 3724 1812 3757 a
1843 3706 2133 3759 Theodosio
2171 3699 2479 3772 (quaestor
2514 3708 2672 3757 aulae
2708 3705 2821 3755 divi
2849 3702 3111 3754 Theodosi
3120 3693 3135 3716 ’

585 3791 787 3842 dicitur
810 3790 878 3843 N.
901 3794 1058 3857 2948)
1092 3795 1276 3859 paullo
1315 3797 1438 3843 ante
1473 3808 1521 3843 a.
1557 3793 1681 3855 383,
1716 3791 1787 3851 cs'.
1823 3793 1887 3842 de
1921 3791 2074 3844 Bassi
2104 3810 2155 3858 p.
2178 3794 2299 3862 296,
2332 3791 2496 3842 Seeck
2525 3807 2580 3857 p.
2609 3789 2787 3842 CXVI.
2811 3816 2878 3826 -—
2901 3791 2953 3853 4)
2978 3788 3137 3837 Prae-

581 3877 755 3939 fectus
797 3881 1075 3943 praetorio
1117 3880 1354 3943 primum
1400 3875 1513 3938 l'uit
1557 3894 1607 3928 a.
1642 3878 1751 3930 383
1800 3877 1938 3942 (cod.
1988 3877 2177 3929 Theod.
2212 3878 2258 3938 7,
2296 3877 2375 3938 48,
2410 3879 2459 3928 8.
2494 3879 2544 3938 9,
2577 3877 2662 3936 29,
2697 3876 2787 3940 2),
2827 3870 3137 3939 praefectus

584 3967 779 4013 iterum
817 3980 864 4014 a.
903 3964 1000 4015 394
1040 3967 1091 4012 et
1123 3963 1228 4016 392
1267 3963 1405 4024 (cod.
1449 3962 1641 4014 Theod.
1680 3963 1726 4024 4,
1765 3963 1809 4026 4,
1842 3964 1879 4013 2
1906 3967 2033 4025 cet.;
2068 3964 2135 4013 ib.
2172 3962 2250 4023 40,
2287 3963 2366 4026 40,
2400 3963 2514 4025 20),
2548 3959 2780 4021 fortasse
2814 3961 2923 4008 iam
2959 3975 3009 4008 a.
3031 3959 3135 4008 389

587 4045 684 4114 (cf.
732 4048 895 4100 Seeck
939 4066 990 4114 p.
1032 4048 1225 4099 CXVII
1268 4052 1378 4099 not.
1423 4048 1564 4115 579).
1613 4077 1678 4084 —
1731 4051 1780 4112 5)
1832 4047 2031 4098 Consul
2073 4048 2385 4098 ordinarius
2428 4043 2610 4105 factus
2657 4049 2733 4094 est
2774 4046 2839 4093 ab
2885 4043 3135 4107 Euge-nio

585 4139 840 4199 tyranno,
877 4138 1030 4185 cuius
1049 4139 1234 4199 partes
1265 4139 1476 4183 secutus
1511 4138 1589 4183 est
1621 4138 1674 4183 et
1708 4136 1863 4183 cuius
1899 4132 2053 4183 caedi
2085 4149 2194 4183 non
2227 4133 2547 4195 supervixit,
2584 4144 2727 4179 anno
2749 4131 2867 4192 394,
2901 4128 3042 4177 unde
3078 4131 3138 4176 in

580 4217 741 4280 fastis
778 4221 1031 4284 legitimis
1066 4218 1216 4269 nulla
1252 4220 1366 4268 eius
1403 4218 1708 4269 consulatus
1750 4220 1947 4269 mentio
1995 4216 2064 4278 cf.
2104 4218 2169 4268 de
2204 4216 2357 4267 Bassi
2383 4232 2441 4281 p.
2476 4217 2595 4267 308.
2671 4212 2878 4264 Titulus
2925 4213 3138 4263 videtur

573 4306 787 4370 positus
822 4320 881 4353 eo
917 4306 1031 4369 ipso
1068 4319 1212 4353 anno
1255 4308 1381 4354 ante
1414 4308 1639 4354 mortem
1675 4303 1912 4367 Eugenii
1947 4307 1997 4353 et
2031 4304 2201 4367 ipsius
2235 4301 2509 4352 Flaviani.
2533 4327 2601 4337 —
2626 4300 2677 4360 6)
2701 4299 2939 4349 Annales
2972 4296 3136 4348 Nico-

580 4390 760 4439 machi
794 4404 926 4453 quos
962 4386 1230 4438 dedicavit
1271 4387 1592 4452 Theodosio,
1635 4393 2001 4439 memorantur
2033 4385 2187 4447 infra
2224 4385 2293 4437 Ν.
2327 4387 2462 4437 2948
2500 4385 2630 4450 (not.
2667 4383 2777 4450 42).
2846 4384 3134 4434 stactei-ea

580 4473 797 4523 videtur
829 4477 1101 4538 scripsisse
1136 4474 1199 4523 de
1223 4474 1509 4539 Apollonio
1542 4473 1589 4523 T
1584 4475 1812 4539 yanensi
1848 4472 2046 4538 (Apoll.
2082 4472 2194 4524 Sid.
2233 4488 2310 4537 ep.
2335 4472 2386 4534 8,
2408 4471 2470 4537 3)
2510 4474 2560 4520 et
2593 4468 2824 4530 fortasse
2859 4468 2969 4519 alia
3008 4481 3138 4532 quo-

583 4574 684 4623 que
719 4557 909 4621 (Seeck
937 4562 1044 4608 not.
1078 4560 1226 4626 562).
1260 4587 1328 4597 -—
1367 4561 1418 4624 7)
1453 4558 1595 4608 Idem
1633 4560 1728 4623 qui
1755 4560 1941 4622 posuit
1976 4557 2190 4606 titulum
2225 4560 2319 4621 qui
2347 4555 2639 4621 praecedit.
2679 4584 2733 4592 —
2781 4555 2830 4616 8)
2863 4553 3139 4616 Progener

581 4642 697 4704 fuit
727 4641 1049 4693 Nicomachi
1079 4643 1365 4709 Flaviani,
1412 4644 1570 4694 dueta
1607 4643 1853 4693 videlicet
1898 4645 1958 4693 in
1992 4644 2393 4693 matrimonium
2438 4641 2557 4702 fitia
2590 4641 2850 4692 Flaviani
2883 4637 3140 4697 iunioris,

584 4731 675 4778 cui
707 4743 897 4779 nomen
932 4728 1144 4779 videtur
1175 4726 1344 4788 fuisse
1383 4728 1536 4780 Galla
1574 4728 1762 4790 (Seeck
1792 4744 1844 4793 p.
1870 4727 2013 4792 LII).
