3432 5387
910 417 1079 473 Tituli
1115 418 1502 488 imperatorum
1539 417 1839 488 domusque
1875 416 2277 487 imperatoriae.
2787 417 2867 475 29

287 594 349 641 ut
393 590 504 655 ait,
576 592 641 640 in
681 596 845 655 porta
884 580 1092 654 Papia',
1139 591 1250 639 sive
1288 592 1471 654 potius
1510 590 1570 638 in
1599 597 1764 653 porta
1798 591 2012 654 aliqua,
2061 589 2146 638 vel
2178 605 2334 653 arcu,
2379 592 2649 656 Papia(e)‚
2699 591 2759 640 id
2791 596 2871 641 est

290 678 490 727 Paeiae
512 678 630 726 sive
662 674 841 727 Ticini
867 678 1189 739 (sequuntur
1212 676 1589 739 inscriptiones
1614 678 1912 742 complures
1932 678 2047 726 sine
2071 674 2232 725 dubio
2264 674 2606 739 Ticinenses),
2634 679 2870 728 servavit

293 764 473 812 autem
498 759 778 825 confusas,
813 765 921 811 tres
953 762 1332 825 inscriptiones
1365 760 1619 811 exhibens
1650 777 1753 827 pro
1790 761 1982 822 decem,
2019 761 2129 810 sic:
2166 759 2343 824 (4-4)
2371 760 2556 813 Neroni
2591 760 2719 813 lulio
2756 762 2804 815 d.
2831 762 2868 816 s.

296 845 606 897 Germanico
642 843 722 897 Ti.
757 846 958 897 Caesari
995 843 1277 896 Germanici
1315 845 1532 910 Augusti
1567 847 1743 912 nepoti
1782 845 1909 897 lulio
1946 845 1986 897 11
2023 845 2056 896 f.
2082 846 2301 911 Augusti
2340 846 2373 898 f.
2399 851 2524 909 cet.,
2569 850 2716 911 (5.6)
2745 847 2868 915 imp.

296 930 503 983 Caesari
528 930 696 982 Liviai
722 930 824 982 diui
851 930 886 982 s.
910 932 1145 996 Augusto
1170 928 1319 981 Drusi
1344 929 1378 980 f.
1404 929 1634 997 pontific.
1661 931 1882 982 maximo
1921 931 2066 982 uxori
2092 930 2321 983 Caesaris
2347 932 2476 997 Aug.
2504 936 2617 998 cet.,
2654 932 2869 996 (7-40)

302 1016 526 1070 Caesari.
561 1019 599 1072 i.
626 1017 827 1069 Caesari
852 1015 1013 1068 Druso
1036 1015 1163 1067 lulio
1189 1013 1268 1068 Ti.
1294 1015 1505 1068 Claudio
1543 1022 1638 1068 cet.
1701 1016 1888 1066 Decem
1927 1016 2116 1066 titulos
2150 1033 2272 1080 esse,
2308 1033 2415 1067 non
2451 1022 2559 1068 tres
2590 1021 2867 1083 perspexit

299 1104 619 1168 Mommsen,
666 1103 1041 1168 ordinavitque
1083 1101 1333 1153 Beris-lite
1379 1102 1475 1151 der
1519 1104 1690 1153 sciolis.
1744 1101 2017 1153 Gesellsclz.
2066 1102 2115 1152 d.
2173 1101 2325 1154 Wiss.
2374 1103 2503 1154 4850
2551 1120 2604 1169 p.
2644 1105 2747 1157 345
2763 1120 2866 1169 seq.

303 1191 391 1251 (V
411 1191 569 1253 6416;
608 1190 689 1242 VI
710 1205 766 1255 p.
802 1188 943 1252 XV).
1014 1187 1278 1237 Habemus
1312 1189 1395 1238 his
1430 1187 1607 1238 decem
1644 1187 1842 1250 titulis,
1901 1203 2032 1253 quos
2074 1191 2375 1253 suppositos
2427 1186 2599 1248 fuisse
2646 1190 2865 1240 totidem

301 1277 500 1326 stantis
543 1273 853 1339 putandum
896 1278 996 1335 est,
1051 1275 1372 1324 honoratam
1424 1277 1590 1323 totam
1640 1272 1854 1322 domum
1898 1274 2156 1337 Augusti,
2210 1273 2416 1324 seilicet
2459 1276 2633 1339 ipsum
2680 1276 2758 1336 (n.
2792 1278 2869 1338 5),

300 1376 535 1412 uxorem
571 1362 649 1421 (n.
672 1363 749 1424 6),
781 1359 926 1422 filios
951 1364 1056 1409 tam
1080 1356 1361 1418 defunctos
1388 1358 1441 1410 C.
1470 1363 1521 1408 et
1545 1358 1604 1409 L.
1630 1356 1879 1408 Caesares
1905 1360 1981 1418 (n.
2006 1359 2052 1409 7.
2064 1362 2121 1422 8)
2159 1374 2319 1424 quam
2354 1374 2525 1424 nuper
2551 1359 2867 1424 adoptatum

310 1443 585 1497 Tiberium
621 1447 699 1507 (n.
722 1447 778 1505 4)
816 1460 935 1496 cum
969 1446 1129 1495 huius
1162 1443 1293 1505 filiis
1331 1446 1406 1505 (n.
1441 1446 1496 1497 3.
1520 1446 1581 1506 2)
1618 1445 1999 1509 nepotibusque
2035 1447 2111 1505 (n.
2148 1446 2192 1495 I.
2217 1448 2305 1508 9),·
2353 1447 2575 1495 accessit
2613 1444 2869 1496 Claudius

307 1535 385 1593 (n.
399 1530 488 1594 40)
508 1534 603 1597 qui
614 1537 798 1597 postea
817 1532 1118 1596 imperavit,
1148 1529 1455 1580 Germanici
1470 1527 1664 1594 frater,
1685 1529 1818 1580 alibi
1836 1545 2045 1595 quoque
2063 1530 2248 1580 domui
2268 1532 2504 1594 Augusti
2520 1530 2873 1580 adnumerari

301 1616 526 1678 solitus;
578 1615 954 1666 desiderantur
1000 1614 1141 1664 Iulia
1195 1618 1247 1663 et
1289 1614 1537 1680 Agrippa
1586 1616 1865 1665 Postumus
1918 1631 1977 1665 eo
2025 1619 2262 1679 tempore
2316 1631 2419 1678 quo
2470 1618 2868 1665 monumentum

298 1703 543 1767 positum
589 1704 667 1750 est
711 1699 806 1762 (cll
850 1705 959 1753 not.
995 1700 1054 1764 2)
1113 1699 1353 1750 abdicati
1399 1704 1449 1750 et
1495 1705 1755 1751 extorres.
1808 1728 1876 1737 —
1933 1702 1983 1759 1)
2028 1700 2107 1749 De
2152 1699 2467 1750 sacerdotiis
2511 1700 2746 1763 Augusti
2792 1697 2864 1758 cs.

302 1801 446 1837 mon.
472 1786 611 1838 Ano.
640 1784 823 1838 Graec.
840 1788 939 1848 4,5
964 1800 1083 1836 cum
1108 1800 1292 1835 comm.
1323 1783 1636 1835 Mommseni
1654 1800 1711 1849 p.
1732 1787 1836 1847 32;
1870 1787 1929 1834 in
1955 1785 2126 1834 titulis
2161 1786 2267 1847 ipsi
2297 1786 2486 1848 positis
2520 1799 2650 1833 raro
2674 1785 2863 1833 memo-

305 1873 506 1921 rantur
540 1872 782 1935 (praeter
807 1869 1210 1935 pontificatum)
1249 1868 1319 1930 cs.
1339 1869 1443 1923 Μο.
1472 1869 1698 1920 Staatsr.
1720 1868 1808 1921 11²
1823 1886 1879 1935 p.
1897 1870 2008 1920 756.
2035 1899 2101 1906 -
2138 1871 2189 1931 2)
2227 1869 2324 1919 Iul.
2343 1869 2484 1934 76th
2508 1869 2582 1933 (p.
2605 1869 2724 1920 Chr.
2741 1869 2867 1937 718).

303 1982 374 1993 --
410 1956 464 2019 3)
500 1955 758 2016 Pontifex
790 1952 899 2015 fuit
942 1953 1185 2005 Tiberius
1217 1958 1329 2005 iam
1364 1960 1490 2005 ante
1522 1958 1757 2021 primum
1794 1955 2156 2016 consulatum,
2195 1955 2254 2004 id
2287 1958 2364 2004 est
2398 1958 2521 2004 ante
2557 1970 2605 2008 a.
2642 1954 2732 2005 744
2771 1954 2868 2016 (cs.

305 2037 462 2100 infra
485 2039 557 2092 N.
580 2041 716 2105 446).
741 2068 801 2076 -
832 2041 883 2102 4)
908 2054 1013 2093 cos.
1039 2047 1129 2091 ter.
1155 2045 1208 2090 et
1230 2056 1359 2091 mocc
1393 2041 1693 2092 tribuniciae
1721 2044 1826 2106 pot.
1856 2038 1957 2090 vlu
1984 2040 2238 2090 traditur.
2315 2037 2392 2088 Ti.
2417 2038 2562 2091 Nero
2583 2043 2872 2106 privignus

305 2128 561 2192 Augusti,
597 2125 885 2191 adoptatus
911 2143 945 2176 a
970 2128 1165 2176 vitrico
1188 2126 1239 2180 d.
1263 2126 1331 2178 26
1354 2126 1472 2177 Iun.
1495 2127 1591 2178 757
1617 2124 1768 2187 (fast.
1792 2126 1974 2186 Amic„
2001 2124 2073 2186 cl'.
2101 2125 2152 2177 C.
2172 2126 2199 2176 I
2215 2141 2270 2191 p.
2290 2126 2417 2189 395)
2443 2125 2673 2191 indeque
2695 2126 2873 2177 dictus

312 2208 393 2263 Ti.
430 2209 642 2273 Caesar,
677 2212 838 2261 simul
869 2211 1074 2277 collega
1108 2210 1287 2272 factus
1324 2214 1400 2260 est
1434 2211 1679 2275 Augusto
1725 2214 1784 2260 in
1821 2212 2111 2260 tribunicia
2139 2214 2403 2274 potestate
2439 2210 2598 2272 (Vell.
2634 2212 2687 2273 2,
2723 2212 2867 2278 403),

306 2311 469 2362 quam
491 2299 601 2346 iam
636 2301 797 2347 antea
821 2298 1086 2347 habuerat
1104 2312 1203 2361 per
1226 2297 1665 2361 quinquennium.
1719 2298 1879 2346 Anno
1903 2297 2082 2359 igitur
2102 2296 2243 2358 76οί4
2271 2293 2383 2355 suit
2408 2297 2697 2347 tribunicia
2718 2302 2870 2362 pote—

305 2385 444 2431 state
474 2396 585 2431 non
611 2381 756 2445 VIII,
791 2381 887 2431 sed
907 2380 1080 2440 VIIII,
1118 2381 1304 2431 consul
1337 2385 1514 2431 autem
1549 2381 1735 2442 fuerat
1767 2396 1877 2431 non
1912 2386 2010 2443 ter,
2045 2383 2138 2432 sed
2171 2385 2367 2433 iterum
2404 2386 2478 2444 (a.
2511 2384 2619 2435 744.
2643 2383 2778 2447 747).
2804 2410 2872 2420 --

310 2468 362 2528 5)
387 2465 562 2517 Valde
585 2466 811 2529 offendit
831 2467 1021 2532 copula
1046 2466 1256 2516 adiecta
1284 2466 1538 2517 vocabulo
1563 2470 1811 2532 auguris,
1838 2470 2120 2533 possisque
2144 2471 2384 2532 cogitare
2407 2470 2467 2517 in
2493 2467 2669 2532 lapide
2702 2466 2874 2528 fuisse

309 2552 490 2619 auguri
517 2551 938 2621 qu[indecimviro
963 2565 1005 2601 s.
1032 2551 1102 2613 121.
1128 2579 1195 2588 —
1219 2553 1270 2614 6)
1297 2550 1350 2602 C.
1378 2551 1588 2615 Caesar,
1612 2555 1773 2602 natus
1797 2568 1848 2604 a.
1872 2553 1986 2618 734,
2012 2554 2299 2618 adoptatus
2323 2556 2388 2604 ab
2414 2554 2660 2617 Augusto
2685 2570 2734 2605 a.
2758 2553 2873 2618 757,

310 2636 601 2699 defunctus
635 2638 687 2691 d.
721 2636 786 2689 24
812 2637 969 2687 Febr.
993 2636 1091 2687 757
1126 2637 1200 2701 (p.
1229 2635 1281 2689 C.
1305 2640 1369 2700 4,·
1404 2635 1472 2698 cf.
1508 2634 1662 2699 infra
1697 2636 1765 2688 N.
1786 2637 1878 2688 440
1913 2654 1961 2688 v.
1987 2640 2100 2702 25),
2137 2640 2174 2688 i.
2213 2654 2255 2688 e.
2295 2640 2463 2687 tribm
2495 2636 2581 2687 vel
2615 2641 2874 2703 quattuor

310 2726 473 2774 annis
507 2728 633 2774 ante
667 2725 767 2774 hoc
800 2726 1195 2773 monumentum
1232 2722 1552 2784 dedicatum,
1590 2723 1778 2773 consul
1810 2721 1996 2783 fuerat
2025 2741 2074 2775 a.
2099 2726 2211 2786 754,
2245 2726 2540 2787 imperator
2573 2721 2874 2787 appellatus

310 2814 430 2860 erat
464 2826 515 2860 a.
537 2809 636 2860 756
658 2810 938 2873 Artagiris
962 2809 1135 2872 captis
1158 2807 1289 2867 (Dio
1310 2812 1397 2875 55,
1418 2809 1499 2874 40,
1535 2799 1605 2869 οἸί
1641 2806 1796 2868 infra
1823 2807 1890 2858 Ν.
1912 2810 2005 2859 440
2027 2825 2073 2859 υ.
2101 2808 2204 2872 40).
2278 2809 2543 2873 Pn‘ncipis
2574 2810 2873 2858 iuventutis

311 2893 718 2960 apellationem,
765 2896 1023 2944 tributam
1072 2894 1123 2942 ei
1156 2908 1207 2945 a.
1234 2894 1332 2944 748
1364 2894 1448 2944 vel
1479 2894 1599 2958 749,
1647 2893 1902 2944 videntur
1949 2895 2248 2960 deposuisse
2296 2909 2414 2943 cum
2462 2893 2648 2943 consul
2688 2889 2870 2953 factus

310 2986 415 3045 est,
456 2983 642 3045 utpote
684 2984 971 3044 equestrem
1019 2977 1192 3043 (Ma).
1227 3006 1295 3015 —
1340 2981 1390 3042 7)
1438 2978 1495 3029 L.
1534 2979 1759 3042 Caesar,
1805 2984 1967 3029 natus
2015 2995 2062 3030 a.
2098 2978 2196 3030 737
2232 2982 2283 3027 et
2315 2993 2445 3028 mox
2479 2977 2767 3043 adoptatus
2802 2978 2868 3028 ab

309 3067 555 3130 Augusto
593 3066 728 3117 obiit
749 3064 799 3115 d.
822 3065 891 3115 20
913 3066 1053 3128 Aug.
1077 3063 1194 3127 755,
1229 3062 1417 3113 consul
1439 3064 1768 3128 designatus.
1793 3093 1861 3101 —-
1894 3066 1945 3128 8)
1973 3063 2336 3128 Germanicus,
2372 3063 2541 3113 Drusi
2569 3062 2874 3114 Germanici

310 3151 480 3217 filius,
525 3153 689 3201 natus
722 3167 774 3203 a.
811 3166 865 3200 u.
902 3164 946 3200 e.
981 3150 1108 3213 739,
1155 3148 1442 3214 adoptatus
1488 3165 1522 3198 a
1565 3148 1777 3200 Tiberio
1813 3153 1960 3199 iussu
1999 3149 2236 3214 Augusti
2271 3164 2412 3198 anno
2441 3163 2498 3213 p.
2538 3148 2592 3200 G.
2627 3151 2656 3199 4
2692 3150 2873 3214 itaque

308 3235 493 3297 factm
526 3236 767 3302 Augusti
798 3250 987 3299 nepos,
1034 3238 1145 3283 tum
1182 3248 1302 3284 oum
1343 3233 1534 3284 titulus
1577 3235 1786 3299 positus
1834 3237 1910 3283 est
1955 3236 2181 3284 honores
2224 3248 2333 3284 non
2373 3236 2614 3297 gesserat
2654 3239 2875 3299 praeter

311 3327 655 3388 quaesturam
681 3321 811 3384 (Dio
833 3323 919 3382 55,
942 3320 1053 3383 34),
1090 3318 1209 3368 ideo
1243 3316 1477 3378 sortasse
1510 3333 1620 3368 non
1657 3324 2122 3371 commemoratam
2160 3319 2305 3384 quod
2340 3319 2601 3384 dignitate
2635 3316 2875 3380 inferior

309 3412 442 3457 erat.
515 3405 661 3457 Nota
687 3405 884 3456 Iulium
908 3418 1117 3466 nomen,
1150 3404 1210 3453 in
1242 3402 1397 3454 domo
1422 3404 1660 3467 Augusti
1689 3404 2003 3470 plerumque
2040 3407 2312 3467 omissum,
2351 3406 2439 3455 laio
2472 3408 2732 3470 usurpari
2764 3420 2873 3456 non

310 3495 369 3540 in
400 3491 552 3557 filiis,
586 3491 681 3542 sed
711 3494 772 3540 in
806 3492 1086 3557 nepotibus
1112 3491 1601 3554 pronepotibusque
1636 3492 1751 3538 eius
1785 3487 1880 3549 (cll
1918 3490 2021 3541 Mo.
2060 3489 2286 3541 Staatsr.
2315 3488 2406 3540 11²
2432 3506 2488 3554 p.
2522 3490 2622 3541 742
2656 3493 2766 3541 not.
2793 3492 2872 3554 2).

309 3607 379 3616 —-
412 3580 466 3639 9)
501 3578 716 3627 Drusus
758 3574 835 3626 Ti.
870 3573 940 3639 fi,
986 3578 1145 3624 natus
1180 3591 1231 3624 a.
1267 3574 1366 3627 739
1402 3573 1483 3624 vel
1508 3573 1700 3638 paullo
1733 3578 1915 3639 postea
1955 3572 2051 3634 (cs.
2089 3574 2192 3625 Mo.
2222 3575 2396 3626 Herm.
2420 3574 2483 3626 47
2501 3591 2557 3639 p.
2580 3578 2722 3638 634),
2759 3579 2872 3626 tum

310 3677 431 3713 cum
478 3661 672 3712 titulus
710 3663 917 3727 positus
963 3664 1039 3709 est
1087 3661 1315 3710 honores
1349 3658 1587 3709 nondum
1618 3663 1883 3723 gesserat,
1932 3663 2183 3725 quaestor
2227 3659 2407 3721 factus
2454 3676 2597 3711 anno
2626 3676 2683 3725 p.
2724 3660 2777 3713 C.
2812 3660 2871 3712 44

311 3748 443 3810 (Dio
476 3749 561 3812 56,
593 3749 707 3810 25).
755 3774 821 3783 -
873 3748 954 3809 10)
989 3744 1134 3795 Nero
1175 3743 1481 3795 Germanici
1522 3743 1696 3807 filius,
1746 3759 1866 3794 cum
1908 3748 2088 3809 togam
2136 3745 2348 3795 virilem
2394 3749 2681 3811 sumpserit
2730 3762 2872 3797 anno

304 3850 363 3900 p.
403 3831 454 3884 0.
489 3834 560 3884 20
597 3830 755 3893 (XIV
780 3831 920 3894 244),
953 3834 1114 3880 natus
1149 3845 1257 3879 esse
1291 3829 1505 3880 videtur
1551 3833 1697 3880 circa
1735 3846 1783 3881 a.
1818 3832 1879 3895 5,
1915 3827 2094 3891 frater
2129 3831 2245 3880 eius
2279 3829 2515 3892 Drusus,
2564 3834 2658 3897 qui
2694 3836 2875 3896 togam

312 3917 525 3968 virilem
565 3919 793 3982 sumpsit
841 3933 891 3970 a.
932 3916 1035 3980 23,
1074 3915 1271 3981 paucis
1315 3917 1584 3966 mensibus
1624 3919 1749 3964 ante
1788 3916 1886 3965 bos
1927 3914 2113 3966 titulos
2151 3918 2371 3980 positos.
2454 3916 2651 3966 Mirum
2695 3921 2872 3967 autem

313 4006 394 4051 est
434 4004 495 4051 in
539 4003 623 4051 leis
648 4005 1008 4067 pronepotum
1042 4000 1283 4065 Augusti
1329 3999 1503 4050 titulis
1538 4001 1787 4051 omissam
1824 4016 1931 4050 esse
1973 4003 2291 4051 mentionem
2338 4003 2431 4051 avi
2481 4001 2705 4063 Tiberii,
2755 4017 2873 4051 cum

312 4087 514 4136 abavus
536 4086 692 4137 divus
713 4085 886 4136 Iulius
908 4085 1026 4134 ideo
1051 4086 1168 4135 sine
1205 4084 1365 4135 dubio
1402 4101 1511 4136 non
1546 4090 1871 4136 memoretur
1907 4086 2052 4151 quod
2086 4086 2365 4150 adnepotis
2399 4085 2712 4136 vocabulum
2749 4091 2876 4136 tunc

312 4170 547 4221 nondum
571 4172 632 4220 in
655 4185 758 4220 usu
783 4172 912 4223 erat.
938 4198 1005 4207 —
1033 4173 1116 4232 11)
1141 4170 1341 4220 Mirum
1367 4170 1510 4221 hune
1531 4170 1790 4234 Drusum,
1818 4174 1969 4221 cuius
1993 4172 2152 4221 habes
2176 4169 2328 4231 infra
2349 4172 2538 4221 titulos
2554 4169 2621 4222 N.
2639 4170 2739 4222 485
2751 4186 2876 4235 seq„

314 4257 401 4305 hic
426 4270 534 4321 pro
572 4254 798 4306 Caesare
829 4254 941 4304 dici
978 4253 1353 4306 Germanicum
1390 4254 1484 4316 (cs.
1524 4254 1629 4306 Mo.
1668 4255 1897 4306 Staatsr.
1932 4254 1989 4305 II
2003 4255 2026 4286 ²
2053 4272 2108 4320 p.
2135 4256 2228 4307 746
2251 4260 2360 4307 not.
2384 4258 2457 4318 4).
2495 4283 2556 4291 —
2600 4256 2680 4317 12)
2720 4254 2873 4306 Clau·

315 4340 459 4406 dius,
494 4343 658 4390 natus
693 4355 743 4389 a.
766 4339 857 4389 744
894 4341 1044 4400 (ante
1080 4339 1202 4391 Chr.
1238 4340 1343 4405 40),
1380 4342 1682 4404 auguratus
1715 4339 2079 4390 sacerdotium
2116 4343 2180 4391 ab
2215 4343 2464 4405 Augusto
2500 4338 2668 4398 (Suet.
2709 4338 2781 4390 Cl-
2817 4342 2877 4401 4)

312 4427 431 4490 post
462 4426 607 4474 hunc
645 4422 860 4473 titulum
890 4427 1125 4490 positum
1160 4428 1423 4491 accepisse
1450 4425 1728 4490 putandus
1762 4429 1855 4477 est.

314 4561 614 4627 exemplum
652 4563 803 4624 (nam
837 4562 1135 4628 exemplum
1176 4565 1353 4610 minus
1380 4561 1599 4626 plenum
1647 4563 1888 4612 innotuit
1928 4559 2141 4612 saeculo
2180 4560 2277 4612 XV
2313 4562 2516 4625 Poggio
2552 4560 2873 4613 Florentino

314 4651 366 4696 et
380 4662 483 4711 per
504 4647 651 4698 huno
675 4647 799 4697 aliis
828 4649 963 4697 viris
987 4648 1182 4705 doctis)
1220 4650 1448 4710 egerunt
1471 4645 1762 4696 Mommsen
1791 4646 2033 4697 Berichte
2057 4646 2108 4697 d.
2132 4647 2301 4697 sciolis.
2327 4645 2602 4698 Gesellscb.
2632 4645 2682 4696 d.
2719 4646 2874 4699 lViss.

312 4732 439 4783 4850
454 4748 513 4799 p.
537 4731 791 4796 287seq.‚·
826 4732 1037 4782 Henzen
1063 4732 1115 4783 C.
1142 4730 1237 4794 VI,
1260 4731 1287 4780 4
1310 4747 1362 4796 p.
1389 4730 1492 4792 DL·
1528 4731 1591 4781 de
1616 4730 1771 4782 Rossi
1795 4735 1958 4782 inscr.
1983 4733 2093 4781 cler.
2119 4733 2269 4781 urbis
2293 4729 2490 4782 Romae
2514 4732 2572 4782 II
2588 4731 2617 4783 4
2637 4747 2691 4796 p.
2716 4733 2749 4781 9
2766 4747 2872 4796 seq.
