3432 5387
522 298 647 358 280
1630 297 1813 367 Caput
1844 295 1970 350 1111.

525 474 850 537 Laernam²
879 473 990 533 deo
1014 472 1233 534 Libero
1266 482 1327 533 et
1349 471 1548 533 Cereri
1581 479 1639 532 et
1663 471 1867 546 Corae,
1898 480 2162 532 sacratae
2192 472 2346 551 apud
2371 471 2655 551 Aeginam
2685 471 2923 546 deabus,
2965 482 3121 534 tau-

527 578 864 649 roboliatae,
889 575 1126 648 Isiacae,
1153 574 1630 653 hierophantriae
1646 574 1789 635 deae
1804 573 2076 647 Hecatae,
2094 572 2659 635 Graecosacraneae³
2682 575 2824 635 deae
2841 574 3120 636 Cereris.

697 675 894 727 Romae
929 674 1038 736 (Vl
1065 674 1219 735 4780,
1257 675 1538 739 descripsit
1573 673 1852 740 Cyriacus,
1887 674 2032 724 solus
2067 678 2130 723 ut
2164 674 2419 737 videtur).
2455 703 2522 711 —-
2561 677 2608 737 1)
2644 676 2757 725 Aeo
2791 674 3124 726 Catullinus

531 762 883 813 Philomatius
925 757 1234 826 praefectus
1286 762 1413 809 urbi
1457 757 1570 819 suit
1617 776 1667 813 a.
1712 759 2009 819 aaz—3⁷44,
2070 759 2255 810 consul
2305 759 2420 810 ord.
2477 777 2526 811 α.
2561 762 2680 812 349.
2750 758 2832 820 Cf.
2883 758 3126 823 cagnat

528 844 794 911 mdlanges
828 846 1032 896 d’arcli.
1080 850 1134 894 et
1178 845 1349 896 d'hist.
1398 843 1463 893 de
1512 840 1687 892 l’icole
1742 842 1815 903 fr.
1853 844 1917 894 de
1950 842 2111 895 Rome
2143 844 2191 905 7,
2236 843 2362 894 4887
2394 860 2448 909 p.
2482 846 2583 896 266
2596 864 2616 906 ‚·
2659 844 2707 895 J.
2746 843 2999 894 Schmidt
3039 844 3130 893 ad

528 933 662 999 Epa.
689 946 767 996 ep.
792 930 840 996 7,
862 931 985 983 220.
1001 960 1066 971 -—
1096 933 1145 994 2)
1173 929 1566 994 significantur
1588 931 1846 994 mysteria
1866 928 2124 989 Lernaea,
2152 928 2213 978 de
2232 931 2421 993 quibus
2446 926 2516 989 cs}
2544 930 2839 979 Pausanias
2861 929 2915 992 2,
2936 931 3041 994 36,
3066 930 3117 980 5.

525 1020 578 1079 2,
613 1017 697 1077 57,
722 1018 772 1067 2.
808 1018 858 1079 8,
882 1016 964 1080 45,
984 1018 1033 1067 9.
1094 1014 1279 1065 Kaibel
1313 1030 1393 1078 ep.
1434 1013 1521 1065 Gr.
1557 1016 1670 1065 866.
1739 1014 1823 1064 Ea
1869 1018 1986 1079 ipsa
2033 1018 2206 1064 aetate
2251 1030 2356 1079 qua
2400 1016 2489 1064 hic
2523 1014 2712 1064 timim
2744 1017 2988 1079 scriptus
3034 1018 3120 1063 est

526 1106 855 1152 memoratur
899 1092 932 1154 ὃ
976 1093 1077 1169 τὴν
1113 1096 1342 1171 Λέρναν
1384 1097 1644 1168 κατέχων
1684 1092 1905 1168 Ἴακχος
1951 1115 1985 1149 a
2033 1098 2262 1149 Libanio
2298 1114 2405 1165 pro
2450 1100 2812 1165 Aristophane
2848 1100 2879 1149 I
2905 1115 2962 1164 p.
3007 1098 3118 1150 427

528 1184 701 1238 Reisk.
738 1214 803 1223 -
843 1186 893 1248 3)
928 1185 1165 1235 Dubium
1201 1200 1327 1234 num
1363 1188 1505 1234 recte
1539 1188 1818 1248 eoeceptum
1852 1187 1927 1233 sit
1960 1185 2308 1247 vocabulum5
2341 1184 2436 1236 sed
2468 1182 2541 1244 cs.
2566 1184 2640 1235 ad
2667 1184 2719 1238 C.
2751 1184 2886 1236 VIII
2916 1184 3115 1235 40564.

698 1321 863 1392 1261
934 1323 1163 1385 Coeliae
1195 1321 1578 1395 Concordiae,
1611 1323 1820 1403 virgini
1848 1320 1857 1400 Ι
1887 1322 2093 1383 Vestali
2127 1324 2428 1396 maximae,
2462 1322 2639 1383 Fabia
2671 1320 2930 1404 Pausslina
2967 1341 3029 1382 c.
3070 1323 3112 1381 f.

530 1435 779 1488 statuam
811 1421 1152 1508 sacienldam
1198 1425 1745 1504 conlocandamque
1784 1422 1795 1506 Ι
1836 1426 2075 1497 curavit,
2123 1443 2256 1485 cum
2290 1435 2537 1504 propter
2573 1422 2585 1506 Ι
2626 1426 2919 1505 egregiam
2967 1425 3116 1486 eius

530 1524 885 1611 pudiciltiam
934 1527 1344 1606 insignemque
1382 1525 1392 1607 Ι
1432 1528 1586 1588 circa
1634 1527 1857 1588 cultum
1906 1527 2167 1588 divinum
2206 1527 2217 1606 Ι
2256 1529 2644 1597 sanctitatem,
2699 1539 2824 1588 tum
2871 1526 3044 1605 quod
3098 1524 3111 1609 Ι

531 1631 679 1692 haec
735 1630 898 1710 prior
943 1628 1068 1689 eius
1112 1628 1235 1688 viro
1274 1628 1284 1707 Ι
1325 1628 1515 1690 Vettio
1562 1629 1781 1708 Agorio
1827 1625 2212 1712 Praetextalto
2258 1648 2308 1689 v.
2358 1648 2439 1703 c.,
2502 1629 2699 1690 omnia
2745 1628 3043 1707 singulari
3100 1626 3110 1710 Ι

533 1733 833 1812 dignoque
890 1731 1064 1792 etiam
1124 1730 1196 1791 ab
1255 1727 1609 1813 huiuslmodi
1656 1729 1984 1808 virginibus
2029 1739 2087 1791 et
2130 1727 2551 1813 salcerdotibus
2595 1731 2764 1805 coli²,
2821 1728 3111 1810 etatulam

534 1835 892 1897 conlocarat.

702 1933 898 1984 Romae
943 1947 1053 1997 rep,
1101 1934 1160 1982 in
1208 1939 1382 1983 monte
1426 1933 1741 1997 Esquilino,
1784 1934 1881 1982 ubi
1927 1934 2088 1981 etiam
2134 1931 2289 1982 aedes
2327 1932 2660 1982 Praetextati
2709 1932 2864 1997 (teste
2908 1932 3109 1994 fistula

530 2019 799 2084 plumbea,
838 2018 981 2068 edita
1016 2016 1157 2067 Bull.
1192 2019 1448 2083 municip.
1470 2018 1506 2067 2
1536 2032 1594 2082 p.
1615 2018 1707 2081 58)
1745 2014 1914 2077 fuisse
1948 2020 2160 2066 constat
2194 2016 2300 2075 (VI
2329 2017 2462 2067 2145
2498 2016 2782 2082 aliquoties
2825 2017 3110 2084 descripta

533 2120 581 2154 a.
619 2103 745 2154 4594
795 2119 899 2168 quo
946 2106 1161 2167 reperta
1203 2106 1319 2165 est).
1354 2130 1419 2140 —
1460 2105 1505 2164 1)
1545 2098 1884 2161 Confer-enda
1921 2105 1997 2149 est
2041 2101 2270 2165 epistula
2308 2101 2615 2167 Symmachi
2647 2104 2701 2163 2,
2736 2104 2833 2165 56,
2881 2119 2952 2153 ex
2988 2118 3107 2168 qua

535 2187 811 2251 colligitur
833 2190 1072 2251 virgines
1099 2186 1330 2237 Vestales
1354 2187 1582 2237 voluisse
1604 2191 1836 2235 statuam
1862 2184 2043 2236 dicare
2063 2186 2422 2249 Praetwtato,
2450 2187 2941 2238 contradicentibus
2965 2203 3108 2238 non-

535 2272 714 2337 nullis,
739 2274 795 2322 in
821 2274 902 2322 liis
927 2271 1263 2338 Symmacho.
1315 2273 1557 2336 Apparet
1576 2273 1766 2321 vicisse
1783 2273 2100 2321 sententiam
2122 2271 2445 2338 Symmachi,
2469 2276 2519 2321 et
2544 2275 2806 2337 virginem
2830 2271 3108 2322 Vestalem

537 2360 831 2406 maximam
866 2359 979 2406 suis
1011 2358 1309 2421 sumptibus
1342 2360 1575 2407 statuam
1611 2355 1760 2405 illam
1791 2358 2050 2420 posuisse.

708 2489 879 2560 1262
944 2491 1251 2552 Auchenii.
1293 2491 1301 2571 Ι
1342 2492 1551 2552 Anicio
1582 2492 1889 2553 Aucbenio
1922 2492 2135 2554 Basso¹
2169 2511 2218 2552 v.
2253 2512 2324 2565 c.,
2373 2494 2671 2572 quaestori
2718 2495 3055 2567 candidato,
3093 2494 3102 2576 Ι

541 2614 661 2656 uno
708 2595 1035 2673 eodemque
1082 2604 1348 2673 tempore
1394 2594 1651 2672 praetori
1699 2594 1967 2669 tutelari,
2022 2596 2364 2675 proconsuli
2405 2593 2415 2677 Ι
2456 2596 2857 2676 Campaniae²,
2917 2616 3105 2676 prae-

539 2701 693 2760 fecto
726 2698 879 2772 urbi,
926 2698 1067 2759 trini
1112 2698 1485 2776 magistratus
1522 2695 1532 2776 Ι
1572 2696 1827 2775 insignia
1873 2699 2182 2758 facundiae
2227 2708 2285 2759 et
2332 2699 2608 2760 natalium
2654 2701 2920 2779 speciosa
2963 2701 3105 2762 luce

540 2801 768 2863 virtutis
805 2799 816 2881 Ι
857 2800 1114 2872 ornanti,
1148 2800 1248 2878 qui
1281 2798 1600 2859 claritatem
1628 2799 1867 2878 generis
1898 2801 2163 2879 paternis
2192 2800 2475 2879 avitisque
2506 2803 2791 2862 fastorum
2822 2801 2831 2886 Ι
2864 2804 3106 2883 paginis

540 2902 891 2964 celebratam
949 2901 1381 2963 inimitabilium
1439 2902 1500 2961 in
1561 2918 1685 2961 rem
1746 2900 2045 2981 publicam
2105 2902 2366 2962 meritor.
2425 2919 2567 2980 prae
2625 2905 2866 2984 propria
2909 2905 3104 2967 laudis

540 3005 829 3066 industria
887 3005 1141 3066 reddidit
1198 3003 1519 3065 auctiorem
1575 3004 1915 3082 prosapiam
1976 3004 2184 3066 lumini
2243 3022 2429 3081 aeque
2485 3004 2703 3066 diserto
2759 3026 2827 3067 ac
2881 3007 3101 3079 nobili;

539 3106 878 3185 provisione
923 3107 1184 3166 efficacia
1227 3099 1471 3189 vigor[e]
1519 3105 1856 3183 eloquentia
1902 3106 2135 3184 egregia
2179 3105 2584 3166 moderatione
2629 3108 2978 3185 praestanti3
3038 3109 3099 3167 in

541 3208 672 3287 ipso
718 3208 863 3267 flore
909 3208 1178 3268 iuvenilis
1221 3208 1425 3270 aetatis
1470 3209 1699 3288 frugem
1749 3216 2011 3268 maturae
2057 3208 2420 3268 auctoritatis
2465 3254 2479 3269 .
2528 3253 2542 3268 .
2590 3254 2604 3268 .

711 3305 909 3357 Romae
934 3307 1042 3367 (VI
1059 3306 1184 3357 4679
1208 3305 1438 3367 fortasse
1461 3323 1569 3358 non
1590 3309 1715 3373 plus
1738 3307 1899 3356 semel
1920 3307 2187 3372 descripta
2210 3323 2346 3358 saec.
2371 3306 2536 3370 XVI).
2562 3337 2629 3346 —
2670 3312 2718 3372 1)
2753 3308 2833 3358 De
2856 3310 2955 3359 lioc
2979 3312 3101 3359 viro

545 3389 615 3453 cf.
644 3391 805 3443 Seeck
829 3392 1027 3458 Symm.
1051 3408 1103 3457 p.
1128 3390 1315 3453 XCIII,
1351 3397 1475 3441 item
1511 3389 1665 3451 infra
1691 3391 1758 3442 N.
1785 3392 1935 3443 4292.
1960 3421 2028 3429 -
2056 3393 2107 3455 2)
2131 3392 2428 3442 Proconsul
2453 3391 2776 3457 Campaniae
2809 3393 2925 3454 fuit
2957 3397 3103 3445 inter

545 3493 591 3528 a.
616 3479 717 3529 379
742 3484 791 3527 et
812 3478 919 3528 582
956 3475 1031 3536 (X
1046 3478 1215 3540 6656).
1273 3477 1568 3527 Proconsul
1591 3493 1689 3526 cur
1712 3477 1890 3527 dictus
1913 3479 1998 3538 sit,
2034 3493 2143 3527 non
2169 3476 2488 3542 consularis,
2524 3481 2786 3542 quaesivit
2812 3477 3098 3529 Mommsen

540 3576 690 3612 mem.
728 3561 849 3612 dell’
882 3562 1010 3612 Inst.
1046 3562 1081 3612 2
1115 3579 1167 3627 p.
1193 3562 1308 3613 314.

715 3645 882 3718 1263
947 3649 1127 3710 Bassi.
1168 3648 1179 3730 Ι
1237 3643 1533 3734 Anic[i]o¹
1565 3648 1875 3709 Auchenio
1902 3644 1910 3729 Ι
1940 3648 2117 3708 Basso
2149 3668 2199 3708 v.
2232 3667 2305 3722 c.,
2351 3668 2627 3729 procons.
2656 3646 2664 3731 Ι
2697 3649 2914 3730 Camp.‚
2959 3669 3100 3731 pro-

541 3751 720 3812 visori
749 3747 1026 3834 eiusfldem
1059 3751 1415 3830 provinciae,
1465 3749 1804 3831 resltitutori
1834 3750 2071 3828 generis
2111 3751 2122 3826 Ι
2161 3751 2521 3824 Aniciorum,
2568 3752 2644 3812 ob
2682 3754 2886 3813 merita
2924 3749 2935 3833 Ι
2975 3753 3102 3814 eius

546 3846 895 3936 in[l]ustria²
933 3852 944 3933 Ι
984 3853 1129 3913 ordo
1173 3853 1549 3933 populusque
1596 3850 1861 3935 civitaltis
1906 3852 2324 3914 Praenestinae
2372 3874 2513 3933 pon.
2560 3874 2721 3915 cens.

714 3954 996 4004 Praeneste
1028 3968 1157 4019 rep„
1194 3957 1274 4003 est
1308 3952 1501 4003 Romae
1538 3952 1695 4012 (XIV
1723 3954 1896 4014 2947).
1937 3981 1997 3988 —
2041 3956 2087 4015 1)
2125 3952 2324 4014 Aniclo,
2397 3955 2448 4014 2)
2484 3953 2728 4004 industria
2768 3953 2920 4017 lapis.

715 4055 885 4127 1264
1034 4059 1192 4118 inter
1235 4076 1372 4118 avos
1415 4075 1783 4136 proavosque
1827 4066 1961 4117 tuos
2005 4064 2392 4135 sanctumque
2437 4067 2741 4135 parentem

1040 4160 1320 4221 virtutum
1366 4159 1589 4220 meritis
1632 4170 1690 4220 et
1735 4158 2063 4219 honoribus
2108 4158 2417 4232 emicuisti,

1041 4272 1453 4322 ornamentum
1500 4262 1712 4339 ingens
1757 4261 1991 4341 generis
2036 4261 2351 4339 magnique
2394 4270 2652 4335 senatus,

1039 4365 1138 4425 sed
1185 4373 1389 4442 raptus
1432 4382 1686 4443 propere
1732 4362 1970 4442 liquisti,
2014 4372 2215 4424 sancte
2261 4360 2526 4434 Kameni,

1040 4477 1313 4528 aeternos
1356 4467 1528 4527 fletus
1572 4463 1782 4525 obiens
1823 4463 2189 4526 iuvenalibus
2233 4464 2423 4525 annis.

1041 4567 1123 4628 Te
1167 4567 1355 4629 dulcis
1399 4567 1658 4628 coniunx
1703 4567 1962 4628 lacrimis
2008 4576 2331 4645 noctesque
2376 4566 2616 4644 diesque

1043 4687 1176 4729 cum
1220 4669 1415 4748 parvis
1459 4668 1631 4729 deflet
1681 4669 1849 4741 natis,
1897 4668 2108 4730 solacia
2153 4668 2301 4728 vitae
