3432 5387
479 309 518 367 8
1633 307 1815 377 Caput
1847 306 1892 361 1.

484 485 664 533 rectus
703 481 877 546 (Ma).
913 510 982 518 —
1019 482 1071 545 3)
1105 480 1290 531 Iudice
1326 479 1647 532 Mommseno
1678 480 1961 543 gloriatur
1995 478 2256 544 Popillius
2297 478 2443 544 qu'od
2475 480 2533 528 in
2581 493 2760 529 servos
2793 476 3062 544 fugitivos

485 582 595 618 non
628 567 1086 627 animadverterit,
1121 566 1215 616 sed
1248 567 1550 616 restituerit
1582 580 1675 615 eos
1716 563 1948 614 dominis
1972 563 2195 615 Italicis.
2221 592 2290 601 -—
2315 566 2366 627 4)
2398 564 2675 615 Pertinent
2710 565 2843 614 llaec
2877 564 2950 614 ad
2979 563 3062 614 Ti.

492 650 725 703 Gracchi
761 650 927 716 legem
966 652 1265 716 agrariam,
1304 650 1466 701 latam
1504 648 1647 701 adito
1683 653 1811 699 ante
1846 664 2005 714 quam
2041 648 2301 714 Popillius
2336 648 2524 699 consul
2554 647 2683 709 fuit.

1356 990 1683 1064 Termini
1738 987 2178 1063 Gracchani.

659 1136 752 1204 24
818 1140 880 1202 C.
926 1135 1369 1225 S[e]mpronius
1415 1141 1503 1203 Ti.
1552 1143 1590 1203 f.
1638 1137 2342 1223 Grac„1Ap.Claudius
2388 1138 3053 1223 C.f.P010.,1P.1.i-

489 1243 682 1304 cinius
728 1242 793 1303 P.
840 1244 879 1304 f.
927 1242 1086 1304 Cras.
1127 1243 1136 1324 Ι
1177 1243 1362 1305 lllvir.
1407 1262 1457 1305 3.
1505 1245 1542 1305 i.
1590 1246 1671 1305 a.¹

663 1342 920 1394 Columna
962 1359 1072 1409 rep.
1117 1359 1282 1410 supra
1322 1344 1560 1409 Capuam
1607 1344 1681 1394 ad
1716 1342 1773 1394 S.
1801 1342 1997 1406 Angeli
2031 1358 2082 1407 q.
2120 1341 2171 1393 d.
2208 1343 2266 1391 in
2302 1341 2520 1391 Formis
2566 1341 2624 1403 (Ι
2650 1344 2773 1397 552.
2807 1344 2856 1395 X
2888 1344 3052 1406 5861,-

489 1428 694 1479 Ritschl
730 1429 852 1493 lab„
888 1443 1066 1481 enarr.
1097 1443 1153 1492 ρ.
1190 1430 1267 1480 49.
1308 1431 1413 1491 94).
1486 1429 1548 1479 In
1586 1430 1784 1479 vertice
1819 1427 2097 1478 columnae
2132 1425 2333 1491 legitur
2369 1424 2420 1477 k.
2459 1424 2540 1478 xl.
2577 1425 2627 1480 d.
2666 1426 2700 1490 Ι,
2737 1430 2772 1480 ι’.
2797 1444 2840 1481 e.
2881 1429 3048 1479 kardo

489 1513 820 1577 undecimus,
845 1512 1170 1563 decumanus
1190 1516 1415 1578 primus.
1473 1513 1682 1564 Similes
1700 1513 1991 1576 columnas,
2013 1510 2108 1561 sed
2124 1513 2303 1561 minus
2322 1512 2478 1577 plene
2504 1512 2682 1573 lectas,
2708 1514 2866 1563 habes
2891 1514 3050 1566 1555.

489 1597 760 1649 1504==X
775 1599 893 1649 289.
912 1597 1061 1648 5760.
1084 1624 1155 1635 -
1185 1595 1456 1649 Terminos
1482 1601 1576 1649 hos
1595 1600 1798 1665 positos
1823 1613 1931 1646 esse
1949 1599 2074 1661 post
2098 1602 2318 1647 mortem
2347 1596 2422 1647 Ti.
2451 1596 2681 1648 Gracchi
2707 1600 2780 1656 (a.
2798 1597 2894 1649 624
2913 1597 3053 1661 fin.)‚

490 1686 585 1746 qui
606 1699 662 1733 se
684 1685 859 1749 ipsum
881 1685 936 1731 et
959 1680 1013 1732 C.
1040 1681 1340 1734 Gracchum
1362 1682 1595 1743 l'ratrem
1621 1687 1673 1734 et
1695 1684 1794 1748 Ap.
1825 1681 2107 1733 Claudium
2131 1696 2373 1732 socerum
2404 1684 2712 1733 triumviros
2747 1686 2898 1747 agris
2918 1683 3056 1733 divi-

490 1765 678 1817 dendis
711 1772 1006 1831 creaverat,
1039 1768 1262 1830 suffecto
1298 1771 1358 1819 in
1395 1771 1509 1820 eius
1543 1768 1716 1819 locum
1747 1768 1799 1818 P.
1823 1765 2037 1817 Licinio
2076 1765 2281 1828 Crasso,
2317 1769 2568 1831 eoeposuit
2601 1766 2706 1818 Mo.
2739 1766 2792 1821 C.
2819 1768 2845 1817 Ι
2864 1783 2916 1832 p.
2943 1768 3052 1819 457.

487 1876 556 1890 --
610 1852 657 1916 1)
695 1855 805 1901 tres
837 1855 947 1902 viri
980 1856 1132 1916 agris
1167 1854 1473 1905 iudicandis
1507 1851 1862 1917 adsignandis
1898 1851 2036 1912 (vele
2072 1850 2459 1915 adtribuendis,
2497 1848 2567 1911 cl'.
2605 1851 2756 1911 infra
2793 1849 2860 1903 N.
2883 1853 2989 1916 48).

78 2029 322 2130 amm
342 2033 579 2087 »ko-102·
659 2017 749 2085 25
811 2021 886 2082 M.
921 2022 1155 2084 Folvius
1200 2023 1275 2083 Μ.
1308 2024 1348 2084 f.
1383 2023 1559 2092 Flac.
1600 2022 1710 2103 [C.
1747 2021 2145 2102 Sempronius
2191 2022 2278 2082 Ti.
2318 2022 2583 2097 f.G1-ac.,
2626 2022 2637 2167 Ι
2676 2024 2736 2085 C.
2771 2024 3053 2104 Paperius

93 2095 553 2184 ’κ’-’Ἥ
601 2124 640 2183 f.
690 2121 881 2184 Carbo
923 2120 932 2205 Ι
971 2122 1176 2185 Illvire
1221 2144 1272 2185 3.
1319 2126 1356 2186 i.
1403 2143 1454 2185 3.

662 2223 950 2275 Columnae
983 2224 1122 2275 duae
1152 2240 1357 2291 parvae
1392 2241 1503 2291 rep.
1538 2228 1598 2275 in
1634 2240 1769 2289 agro
1801 2226 2150 2291 Hirpinorum
2186 2227 2328 2274 inler
2362 2223 2657 2274 Aeclanum
2694 2230 2745 2275 et
2782 2224 3055 2291 Compsam

487 2285 657 2375 prope
699 2312 877 2359 vicum
922 2307 1097 2360 Rocca
1143 2309 1256 2361 San
1302 2310 1484 2361 Felice
1528 2311 1582 2371 (Ι
1611 2312 1728 2362 554.
1760 2313 1880 2363 555.
1934 2310 2012 2361 IX
2041 2311 2188 2361 4024.
2223 2309 2387 2372 4023,-
2437 2307 2644 2360 Bitschl
2676 2313 2781 2362 tab.
2816 2311 2924 2363 LV
2928 2313 3005 2363 cd
3011 2318 3057 2374 ).

495 2394 557 2445 In
580 2395 870 2443 verticibus
908 2395 1100 2445 karum
1125 2395 1497 2446 columnarum
1533 2398 1655 2457 (nec
1678 2408 1788 2444 non
1814 2393 2090 2444 columnae
2114 2397 2321 2458 tertiae,
2358 2396 2513 2445 cuius
2538 2395 2746 2460 reliqua
2773 2398 3055 2462 inscriptio

486 2479 674 2543 periit,
710 2478 742 2528 Ι
768 2479 884 2529 556.
934 2478 1009 2530 IX
1041 2479 1196 2544 4026)
1243 2480 1539 2545 inscriptae
1572 2482 1698 2529 sunt
1736 2479 1946 2529 litterae
1979 2480 2286 2543 singulares
2321 2479 2558 2529 nondum
2594 2485 2737 2530 recte
2772 2481 2939 2532 lectae
2974 2481 3061 2530 vel

490 2563 810 2628 eoeplicatae.
871 2562 1155 2614 Columnas
1183 2566 1393 2630 positas
1412 2562 1538 2613 'esse
1574 2567 1672 2613 aut
1705 2580 1756 2615 a.
1779 2566 1894 2628 624,
1932 2579 2053 2630 quo,
2089 2568 2316 2616 mortuis
2340 2568 2398 2617 Ρ.
2427 2565 2636 2616 Licinio
2663 2566 2851 2616 Crasso
2877 2570 2927 2615 el
2952 2568 3052 2632 Ap.

490 2647 717 2700 Claudio
766 2648 1017 2712 suffectos
1053 2664 1161 2699 esse
1197 2648 1269 2700 M.
1306 2649 1560 2701 Fulvium
1597 2649 1857 2700 Flaccum
1893 2649 2162 2701 consulem
2198 2667 2247 2702 a.
2271 2652 2372 2704 629
2421 2656 2472 2702 et
2526 2652 2579 2704 C.
2616 2652 2892 2718 Papirium
2930 2651 3057 2704 Car·

489 2736 675 2784 bouem
713 2735 980 2786 consulem
1016 2751 1068 2786 a.
1101 2736 1200 2787 654
1235 2735 1575 2786 statuendum
1610 2738 1710 2799 est,
1760 2739 1859 2786 aut
1893 2751 1942 2787 a.
1976 2738 2108 2800 625,
2162 2752 2265 2801 quo
2311 2739 2612 2788 triumviris
2646 2738 2756 2788 illis
2791 2738 3056 2789 iudicatio

490 2819 553 2869 de
588 2823 741 2883 agris
776 2821 1022 2886 adempta
1049 2824 1127 2870 est
1149 2821 1391 2886 (Appian
1418 2823 1465 2873 b.
1491 2838 1534 2872 c.
1561 2822 1607 2884 4,
1628 2822 1714 2885 49)
1742 2822 2115 2886 desieruntque
2150 2821 2418 2887 appellari
2453 2825 2518 2873 ab
2546 2825 2697 2888 agris
2732 2824 3058 2888 iudicandis,

489 2907 741 2969 exposuit
775 2903 879 2955 Mo.
920 2905 972 2957 C.
1012 2906 1044 2956 I
1070 2922 1123 2970 p.
1150 2905 1259 2957 457.

663 3075 756 3142 26
823 3077 897 3136 Μ.
946 3076 1263 3137 Terentius
1308 3076 1384 3136 M.
1431 3079 1470 3137 s.
1511 3075 1519 3158 Ι
1562 3077 1745 3137 Varro
1792 3076 2075 3137 Lucullus
2113 3076 2122 3156 Ι
2179 3093 2288 3154 pro
2347 3094 2437 3154 pr.
2499 3077 2784 3137 terminos
2822 3076 2831 3157 Ι
2886 3079 3057 3138 resti-

489 3180 746 3241 tuendos
796 3177 806 3261 Ι
860 3197 930 3239 ex
975 3198 1023 3239 s.
1069 3196 1122 3238 c.
1168 3178 1426 3239 coeravit
1476 3177 1485 3260 Ι
1540 3196 1654 3256 qua
1702 3178 1765 3238 P.
1812 3176 2076 3237 Licinius
2115 3173 2124 3258 Ι
2164 3176 2276 3255 Ap.
2323 3177 2597 3239 Claudius
2635 3175 2645 3257 Ι
2686 3177 2748 3238 C.
2796 3177 3057 3239 Graccus

492 3280 682 3342 lllvir.
722 3278 733 3363 Ι
772 3299 844 3354 3.,
870 3281 927 3342 d.
973 3298 1025 3340 3.
1070 3280 1143 3340 i.²
1188 3287 1539 3341 statuerunt.

664 3382 811 3432 Inter
834 3382 1120 3432 Pisaurum
1145 3383 1198 3429 et
1220 3380 1437 3430 Fanum
1470 3396 1582 3445 rep.
1620 3379 1840 3441 (1583).
1867 3406 1933 3416 ·—
1975 3377 2213 3428 Titulum
2241 3380 2479 3443 positum
2509 3382 2674 3444 putat
2711 3378 3060 3444 Borgkenius

492 3482 611 3534 opp.
634 3466 667 3517 7
686 3482 740 3532 p.
764 3467 885 3519 550.
909 3466 1010 3518 554
1038 3482 1070 3516 a
1095 3464 1166 3515 M.
1198 3464 1443 3515 Terentio
1472 3463 1722 3514 Varrone
1749 3462 1971 3514 Lucullo
1998 3466 2141 3513 inter
2167 3467 2485 3527 praeturam
2511 3465 2586 3524 (a.
2617 3463 2729 3527 678,
2766 3462 2838 3524 cs.
2863 3464 3059 3516 Ascon.

486 3569 540 3619 p.
566 3554 631 3604 84
671 3552 784 3616 Or.)
822 3556 877 3602 et
912 3549 1245 3601 consulatum
1283 3552 1357 3611 (a.
1381 3549 1523 3614 684),
1555 3548 1762 3599 scilicet
1799 3563 1918 3598 cum
1949 3551 2307 3613 propraetore
2334 3546 2564 3598 Galliam
2603 3548 2930 3615 Cisalpinam
2968 3550 3062 3600 ad-

490 3639 841 3703 ministraret,
877 3635 1229 3687 Mommsenus
1265 3636 1330 3684 ab
1367 3634 1548 3684 eodem
1583 3649 1729 3684 anno
1765 3633 1863 3685 672
1900 3633 1985 3682 vel
2013 3633 2129 3698 675,
2167 3649 2286 3683 cum
2320 3632 2504 3684 Sullae
2535 3638 2719 3698 partes
2752 3639 2962 3685 secutus
2997 3637 3055 3685 in

492 3722 603 3774 illis
636 3723 947 3788 regionibus
981 3722 1248 3771 eoeercitui
1275 3723 1563 3784 praeesset.
1602 3746 1664 3756 -
1706 3721 1756 3784 1)
1791 3721 1944 3783 agris
1981 3717 2174 3768 dandis
2208 3718 2563 3782 adsignandis
2598 3718 2924 3769 iudicandis.

654 3977 740 4047 27
785 3978 878 4039 Μ’.
911 3977 1200 4056 Aquillius
1230 3975 1326 4037 Μ’.
1360 3976 1399 4037 f.
1434 3974 1443 4059 Ι
1477 3995 1598 4038 cos.
1640 3979 1645 4056 Ι
1680 3974 1963 4036 CXXXI'.
2007 3973 2016 4058 Ι
2055 3971 2383 4058 [ΜάνιΙΟς
2419 3966 2867 4058 [Ά]κύλλ[ι]ος
2898 3977 3061 4037 Μα-

496 4083 640 4146 νίου
679 4079 689 4163 Ι
727 4070 987 4156 ὕπατος
1026 4073 1363 4161 Ῥωμαίων
1404 4076 1413 4157 Ι
1453 4075 1651 4158 ρλα’“.

667 4181 838 4265 Lapis
867 4197 1162 4248 millias-ius
1196 4199 1318 4247 viae
1352 4196 1561 4261 Epheso
1599 4196 1917 4260 Pergamum
1954 4196 2210 4259 ducentis,
2245 4211 2357 4261 rep.
2392 4210 2503 4245 non
2542 4194 2698 4258 longe
2732 4211 2764 4244 a
2803 4196 3060 4259 Pergamo

499 4284 611 4346 (III
629 4284 806 4351 suppl.
822 4283 999 4348 7485).
1020 4271 1027 4280 ’
1053 4282 1265 4333 Similes
1292 4281 1497 4347 lapides
1520 4285 1573 4329 et
1595 4283 1653 4330 in
1679 4282 1804 4331 aliis
1829 4282 2128 4340 viaes‘Asiae
2148 4279 2471 4346 prodierunt
2497 4279 2604 4340 (ΙΙΙ
2625 4280 2733 4331 479.
2757 4279 2896 4332 7477.
2920 4280 3061 4330 7484.

491 4369 672 4430 7205).
701 4396 767 4406 -—
798 4371 842 4432 1)
873 4366 1135 4420 Numerus
1157 4367 1388 4417 millium
1420 4380 1693 4430 passuum,
1732 4368 1862 4432 quot
1899 4366 1987 4415 hie
2025 4366 2162 4431 lapis
2196 4367 2383 4414 aberal
2405 4366 2471 4414 ab
2497 4365 2704 4429 Epheso
2742 4366 2917 4430 capite
2937 4379 3063 4429 pro·

498 4456 713 4504 vinciae
747 4453 925 4506 Asiae.
962 4481 1028 4490 —-
1065 4452 1156 4503 Μ’.
1191 4451 1491 4518 Aquillium
1527 4465 1631 4501 cos.
1667 4466 1719 4502 a.
1756 4452 1857 4501 625
1893 4451 2079 4500 Asiam
2116 4447 2474 4500 Romanorum
2510 4446 2715 4507 l'actam
2751 4452 3064 4498 testamento

498 4538 681 4590 Attali
720 4536 1056 4588 ordinavisse
1094 4537 1263 4588 tradit
1297 4536 1492 4587 Strabo
1516 4536 1577 4586 14
1609 4552 1665 4601 p.
1688 4536 1799 4586 646.
1875 4535 2102 4586 Viarum
2139 4548 2347 4599 quoque
2377 4535 2692 4599 provinciae
2726 4548 2912 4592 curam
2947 4548 3065 4583 eum

496 4625 742 4675 habuisse
777 4623 836 4673 lu·
872 4622 1074 4689 lapides
1111 4623 1315 4673 docent.
