3432 5387
920 332 1092 387 Tituli
1124 332 1509 401 imperatorum
1548 333 1847 402 domusque
1880 334 2281 404 imperatoriae.
2766 339 2883 397 151

272 496 489 573 πατὴρ
518 504 832 572 πατρίδος,
865 496 1224 569 ἀνθύπατος·
1259 506 1356 560 καὶ
1382 495 1763 575 αὐτοκράτωρ
1790 506 2019 575 Καῖσαρ
2046 496 2354 574 Ουαλέριος
2376 503 2739 575 Λικιννιανὸς
2761 512 2884 575 (ins.

269 588 596 653 Λικίνιος)
643 581 882 660 εὐσεβὴς
928 582 1159 659 εὐτυχὴς
1203 581 1470 660 α’νίκητος
1513 582 1820 660 Σεβαστὸς
1865 581 2162 661 αρχιερεὺς
2205 589 2499 661 μέγιστος,
2543 596 2888 666 δημαρχικῆς

269 667 580 739 ἐξουσίας
615 668 685 730 τὸ
724 672 1031 745 τέταρτον,
1069 663 1450 746 αὐτοκράτωρ
1484 667 1554 729 τὸ
1592 674 1818 745 τρίτον,
1862 663 2107 740 ὕπατος,
2148 670 2338 747 πατὴρ
2374 678 2679 750 πατρίδος,
2714 671 2886 737 ἐνθύ-

273 774 522 822 πατος,
576 752 965 829 ἐπαρχιώταις
1009 757 1170 823 ἰδίοις
1214 757 1456 830 χαίρειν.
1527 759 1627 809 Hic
1668 775 1877 825 quoque
1921 763 2085 811 unius
2124 760 2329 812 Galerii
2353 763 2513 829 plene
2546 770 2889 817 recensentur

271 847 641 907 cognomina
690 845 876 894 bellica
886 863 906 905 ,·
952 844 1142 895 deinde
1176 848 1287 894 tam
1333 845 1392 893 in
1440 843 1619 909 lapide
1659 844 1945 910 Sinopensi
1989 861 2150 911 quam
2196 848 2344 913 apud
2376 848 2665 900 Eusebium
2703 850 2887 902 Maxi-

271 930 478 978 minus
521 928 687 980 Daza
732 931 903 990 abest,
948 932 1044 994 qui
1086 929 1268 980 debuit
1312 930 1579 980 recenseri
1622 932 1750 979 ante
1795 928 2202 982 Constantinum
2251 936 2303 982 et
2342 931 2642 999 Licinium,
2689 936 2888 1002 quippe

273 1016 380 1079 qui
421 1018 571 1064 ante
608 1015 749 1081 illos,
783 1032 831 1066 a.
859 1017 979 1076 505,
1010 1029 1264 1080 purpura
1301 1014 1520 1064 vestitus
1554 1018 1705 1075 esset,
1740 1016 1802 1064 in
1838 1014 2015 1082 lapide
2049 1032 2246 1067 rasura
2284 1015 2463 1082 (eradi
2494 1022 2674 1084 potuit
2706 1022 2767 1070 in
2803 1022 2887 1071 Itis

271 1100 561 1164 partibus
586 1098 804 1150 Licinio
837 1099 1062 1150 subditis
1083 1114 1274 1149 nomen
1297 1096 1589 1149 Maximini
1612 1103 1740 1165 post
1773 1099 1967 1151 bellum
1999 1106 2295 1152 extremum
2319 1103 2465 1167 quod
2490 1105 2662 1167 gessit
2694 1107 2886 1172 contra

277 1181 588 1235 Licinium
629 1200 836 1250 quoque
863 1186 1034 1250 periit
1073 1182 1230 1234 Tarsi
1263 1199 1311 1234 a.
1345 1183 1453 1235 515⁷
1446 1184 1498 1250 )‚
1531 1184 1680 1249 apud
1705 1185 1996 1236 Eusebium
2030 1187 2206 1236 nescio
2244 1201 2349 1251 qua
2387 1186 2451 1237 de
2486 1202 2665 1239 eausa.
2723 1188 2889 1254 Apud

279 1269 611 1320 Eusebium
658 1272 707 1319 si
741 1274 880 1320 recte
913 1286 969 1319 se
1002 1269 1159 1319 habet
1194 1270 1437 1338 Περσῶν
1469 1266 1740 1338 μέγιστος
1774 1271 1881 1334 δὶς,
1922 1270 2061 1336 lapis
2091 1270 2276 1335 paullo
2315 1273 2595 1338 antiquior
2643 1276 2747 1338 est,
2793 1272 2889 1324 sed

280 1354 417 1404 vide
455 1371 536 1404 ne
565 1354 924 1407 Eusebianum
961 1368 1168 1419 quoque
1202 1354 1431 1405 edictum
1454 1369 1642 1404 revera
1681 1356 1930 1406 habuerit
1964 1356 2207 1426 Περσῶν
2238 1353 2506 1427 μέγιστος
2541 1357 2678 1428 τρίς,
2719 1360 2887 1427 Βρετ-

281 1433 550 1503 τανικὸς
595 1437 863 1510 μέγιστος
908 1437 992 1502 δίς
1002 1457 1023 1501 ,·
1078 1442 1220 1488 certe
1263 1439 1471 1489 excidit
1515 1438 1665 1504 apud
1706 1439 1995 1490 Eusebium
2036 1456 2145 1491 non
2189 1441 2362 1491 solum
2409 1442 2744 1505 Britannici,
2793 1442 2889 1494 sed

281 1527 470 1574 etiam
514 1540 771 1575 numerus
801 1528 923 1590 post
950 1524 1255 1575 Germanici
1281 1524 1611 1574 vocabulum.
1636 1552 1704 1560 -
1735 1524 1913 1589 Ipsum
1950 1524 2178 1575 edictum
2215 1541 2319 1591 quo
2348 1530 2692 1592 pertinuerit,
2722 1528 2887 1594 plane

281 1613 596 1661 ineertmn.

489 1762 612 1832 661
684 1765 815 1827 divo
854 1764 863 1848 Ι
904 1766 1062 1826 [ovio
1102 1764 1112 1845 Ι
1152 1764 1501 1825 Maximiano
1542 1762 1551 1845 Ι
1592 1764 1738 1824 ordo
1784 1763 1905 1825 Sol.

493 1865 554 1915 In
591 1870 769 1917 castro
807 1865 1011 1916 Seckau
1042 1880 1212 1931 prope
1248 1863 1492 1915 Leibnitz
1520 1863 1738 1923 Stiriae,
1774 1866 1870 1915 ubi
1902 1864 2015 1926 fuit
2049 1866 2403 1931 municipium
2424 1865 2585 1918 Solva
2611 1867 2884 1933 (1115325

301 1952 458 2003 cidit
495 1950 828 2018 Mommsen).

310 2051 494 2057 —.—--
513 2049 918 2057 —-..—-.—...———-

490 2101 620 2171 662
683 2047 2886 2190 amm

304 2206 565 2269 munis?
2744 2254 2745 2257 ,

494 2306 674 2357 Saldis
710 2305 892 2370 (hodie
925 2304 1158 2369 Bougie)
1196 2305 1254 2353 in
1291 2318 1389 2353 ora
1428 2302 1816 2368 Mauretaniae,
1851 2320 1963 2371 rep.
1999 2320 2051 2355 a.
2088 2305 2235 2363 1836.
2269 2306 2350 2355 bis
2386 2306 2467 2355 vel
2500 2310 2582 2356 ter
2615 2307 2885 2373 descripta

312 2390 679 2457 (V1118934).
709 2418 778 2426 —
806 2392 854 2451 1)
881 2389 973 2440 Sic
1008 2393 1148 2439 certe
1179 2403 1346 2438 unum
1381 2405 1450 2437 ex
1485 2390 1814 2453 apographis
1850 2387 2064 2454 (Maxim
2087 2429 2098 2441 .
2121 2427 2134 2440 .
2158 2429 2168 2440 .
2189 2426 2202 2440 .
2223 2390 2290 2451 io,
2328 2387 2602 2443 Maximino
2639 2392 2793 2457 alia).
2816 2419 2887 2432 -

312 2480 368 2539 2)
410 2476 635 2527 Colonia
672 2473 812 2525 Iulia
849 2475 1098 2539 Augusta
1131 2476 1550 2538 septimanorum
1587 2476 1840 2523 immunis
1875 2474 2051 2525 dictae
2086 2475 2300 2540 Saldae,
2336 2473 2408 2534 cs'.
2447 2476 2497 2528 C.
2536 2476 2671 2528 VIII
2694 2493 2751 2543 p.
2772 2478 2884 2528 760.

488 2609 615 2681 663
678 2614 819 2691 imp.
868 2611 1030 2673 CaeS.
1072 2612 1081 2688 Ι
1121 2610 1244 2671 Gal.
1291 2610 1410 2670 Val.
1463 2609 1470 2691 Ι
1525 2610 1877 2672 Maximeino
1929 2608 1938 2689 Ι
1990 2630 2048 2690 p.
2102 2614 2140 2672 f.
2197 2613 2312 2674 inv.
2360 2613 2509 2692 Aug.
2571 2621 2627 2673 et
2678 2610 2687 2693 Ι
2740 2613 2884 2693 imp.

318 2718 486 2779 Caes.
536 2716 621 2776 Fi.
669 2715 790 2775 Val.
832 2713 841 2796 Ι
883 2715 1271 2776 Constantino
1330 2735 1387 2794 p.
1448 2716 1486 2775 f.
1547 2715 1661 2774 inv.
1708 2713 1855 2793 Aug.
1905 2722 1963 2774 et
2020 2714 2160 2795 imp.
2210 2715 2370 2776 Caes.
2423 2713 2432 2794 Ι
2472 2714 2822 2776 Licinniano
2867 2713 2875 2797 Ι

321 2820 486 2881 Licin
517 2864 531 2878 .
559 2865 571 2877 .
601 2864 615 2878 .
643 2863 656 2876 .

496 2919 556 2968 In
582 2920 712 2968 Asia
739 2917 854 2968 loco
881 2917 1023 2968 dicto
1051 2917 1194 2966 Elles
1220 2916 1327 2980 (111
1349 2915 1402 2965 S.
1421 2915 1544 2966 7474
1569 2917 1705 2966 vidit
1730 2915 2004 2982 Ramsay).
2064 2913 2273 2965 Titulus
2289 2917 2502 2980 positus
2518 2921 2644 2981 post
2665 2915 2888 2982 Galerii,

323 3009 446 3055 ante
468 3003 760 3054 Maximini
782 3006 1004 3053 mortem
1031 3000 1104 3066 (a.
1129 2999 1397 3067 5111343),
1425 3003 1537 3050 sive
1561 3003 1722 3052 etiam
1748 3005 1873 3052 ante
1898 3000 2087 3052 bellum
2114 3003 2353 3066 coeptum
2375 3003 2517 3050 inter
2542 3000 2813 3053 Licinium
2836 3007 2888 3054 et

324 3089 680 3141 Maoeiminum
717 3103 820 3153 quo
859 3089 947 3139 hic
981 3090 1146 3149 obiit,·
1181 3101 1282 3150 quo
1321 3090 1556 3150 tempore
1588 3088 1734 3137 inter
1766 3089 1873 3136 tres
1908 3086 2173 3151 legitimos
2195 3086 2468 3150 Augustos
2493 3085 2642 3151 (nam
2667 3086 2889 3138 Maxen-

327 3178 432 3225 tius
477 3191 510 3224 a
556 3173 704 3224 nullo
754 3187 938 3222 eorum
977 3188 1082 3238 pro
1121 3171 1358 3236 legitimo
1403 3172 1749 3237 habebatur),
1797 3175 1927 3220 teste
1976 3174 2195 3221 auctore
2240 3170 2304 3221 de
2350 3176 2508 3222 mort.
2553 3187 2693 3235 pers.
2731 3187 2773 3223 c.
2808 3174 2889 3238 44,

325 3264 553 3324 primum
592 3258 766 3307 locum
812 3258 918 3305 sibi
962 3257 1273 3308 vindicabat
1306 3255 1666 3317 Maximinus,
1719 3271 1889 3321 neque
1924 3257 2156 3320 iniuria,
2199 3259 2383 3322 utpote
2427 3258 2521 3322 qui
2561 3257 2771 3322 primus
2816 3256 2890 3307 ad

330 3343 566 3394 Caesaris
601 3340 894 3444 fastigium
923 3347 1132 3391 evectus
1167 3345 1313 3391 esset.

493 3442 658 3546 664
689 3441 981 3540 Victoriae
1026 3481 1321 3560 Augustae
1361 3476 1371 3559 Ι
1411 3472 1680 3561 [sae]rum
1728 3494 1837 3555 pro
1882 3475 2127 3537 salutem
2179 3474 2189 3558 Ι
2246 3472 2387 3560 [det]
2437 3496 2539 3537 nn.
2586 3477 2886 3537 Maximini

329 3593 386 3643 et
421 3581 431 3664 Ι
471 3577 889 3666 [Con]stantini
936 3591 992 3642 et
1037 3581 1259 3642 Licini¹
1302 3579 1311 3662 Ι
1360 3574 1636 3664 [se]mper
1682 3580 1898 3658 Augg.,
1950 3578 2091 3637 Aur.
2138 3579 2388 3640 Senecio
2428 3577 2437 3658 Ι
2481 3574 2559 3662 [υ.
2601 3573 2685 3664 p.]
2734 3579 2889 3640 dux'

328 3684 609 3764 templum
660 3683 884 3743 numini
925 3690 934 3762 Ι
976 3677 1149 3767 [eiJus
1194 3702 1263 3744 ex
1307 3692 1443 3742 voto
1496 3700 1525 3741 a
1575 3699 1726 3740 novo
1773 3681 1900 3740 fieri
1946 3679 2112 3740 iussit
2162 3679 2171 3760 Ι
2225 3698 2335 3758 per
2377 3680 2716 3742 instantiam
2763 3681 2887 3742 Val.

328 3786 691 3864 Samffbarrae
722 3804 780 3864 p.
815 3804 871 3864 p.
905 3804 1038 3865 eqq.
1071 3785 1257 3846 Dalm.
1295 3783 1661 3863 Aqluesianis
1691 3781 1934 3854 comit.⁸‚
1980 3781 2017 3841 Ι.
2050 3781 2087 3841 Ι.
2127 3782 2250 3855 m.⁴‚
2293 3778 2302 3862 Ι
2342 3782 2416 3842 ob
2453 3783 2691 3844 victoria
2739 3785 2888 3846 facta

329 3888 373 3945 V
419 3890 472 3948 k.
520 3888 695 3949 Iulias
737 3885 744 3968 Ι
783 3889 1124 3949 Andronico
1172 3897 1231 3947 et
1275 3885 1469 3947 Probo
1515 3886 1661 3946 cos.²⁵

492 3989 555 4038 In
583 3992 696 4038 vico
721 3989 974 4055 Prutting
993 3988 1262 4038 Bavariae
1281 3986 1456 4052 (distr.
1477 3983 1835 4049 Hosenlzeim),
1861 3985 1956 4049 qui
1980 3982 2126 4033 Iocus
2148 3984 2362 4034 videtur
2383 3982 2554 4044 fuisse
2570 3988 2889 4050 provinciae

327 4073 514 4125 Norici
550 4073 812 4138 (1115565
846 4073 985 4123 vidit
1023 4071 1365 4137 Wlmanns).
1402 4098 1467 4107 —
1510 4072 1557 4132 1)
1600 4067 1838 4118 Titulum
1874 4072 2102 4134 apparet
2130 4072 2367 4134 positum
2402 4086 2510 4119 esse
2546 4070 2726 4119 eodem
2763 4074 2890 4119 tem-

323 4177 452 4226 pore
487 4175 593 4224 quo
629 4159 695 4210 N.
730 4159 848 4222 663,
887 4174 937 4208 a.
972 4158 1068 4208 311
1105 4157 1191 4207 vel
1221 4156 1341 4207 3¹2.
1378 4183 1444 4191 —
1482 4157 1532 4216 2)
1572 4153 1788 4205 Scilicet
1815 4150 2009 4203 Norici
2042 4157 2096 4203 et
2129 4153 2438 4204 Pannoniae
2471 4156 2783 4219 superioris.
2820 4181 2887 4191 —-

327 4247 376 4308 3)
399 4247 747 4309 praepositus
772 4245 1034 4309 equitibus
1056 4241 1327 4291 Dalmatis
1349 4241 1668 4306 Aquesianis
1694 4239 2143 4289 comitatensibus.
2205 4236 2572 4288 Memorantur
2596 4242 2652 4288 in
2678 4236 2889 4288 Notitia

326 4331 678 4396 dignitatum,
725 4331 867 4378 inter
912 4327 1289 4377 nea-illationes
1331 4328 1722 4387 comitatenses,
1768 4326 1970 4388 equites
2020 4322 2198 4372 Tertio
2247 4320 2532 4372 Dalmatae
2581 4320 2697 4386 (Or.
2734 4339 2775 4374 c.
2812 4322 2887 4387 6),

325 4414 521 4477 Quinto
569 4413 851 4463 Dalmatae
897 4410 1014 4476 (Or.
1063 4428 1107 4463 c.
1144 4411 1224 4476 4),
1272 4409 1437 4460 Sexto
1472 4409 1756 4459 Dalmatae
1802 4408 1917 4473 (Or.
1956 4424 1998 4458 c.
2032 4407 2122 4473 3),
2172 4407 2367 4457 Octavo
2410 4405 2695 4456 Dalmatae
2742 4405 2887 4471 (Occ.

325 4514 368 4551 c.
385 4502 433 4562 6,
451 4499 528 4564 7),
563 4496 723 4548 Nono
757 4496 1041 4548 Dalmatae
1078 4496 1194 4561 (Or.
1214 4512 1258 4545 c.
1276 4496 1349 4561 4),
1383 4494 1668 4545 Dalmatae
1705 4495 2093 4544 Passerentiaci
2129 4492 2274 4557 (Occ.
2295 4507 2337 4543 c.
2357 4494 2405 4552 6,
2424 4491 2499 4558 7).
2522 4519 2590 4527 -
2615 4493 2667 4554 4)
2692 4490 2891 4541 Laetus

325 4585 491 4634 libens
525 4585 736 4633 merito.
780 4610 847 4621 --
891 4584 943 4644 5)
978 4579 1339 4646 Significatur
1373 4580 1486 4629 dies
1519 4580 1586 4629 27
1621 4578 1739 4630 Iun.
1772 4579 1910 4639 3105
1955 4593 2013 4627 eo
2061 4577 2147 4626 die
2189 4579 2420 4627 victoria
2468 4575 2564 4626 illa
2612 4580 2890 4642 reportata

325 4685 430 4718 esse
465 4668 698 4731 videtur,
735 4682 851 4717 cum
890 4666 1082 4717 titulus
1112 4668 1316 4731 positus
1348 4667 1423 4714 sit
1457 4680 1564 4714 non
1605 4667 1730 4713 ante
1763 4679 1814 4714 a.
1847 4662 1964 4714 511.
