3432 5387
1332 393 1503 448 Tituli
1535 392 1815 447 militares.
2732 392 2855 449 555

461 564 636 636 2812
697 574 778 642 -Ι-
822 585 995 627 mem.
1035 565 1122 625 Fl.
1155 565 1379 646 Ziperis
1416 563 1426 649 Ι
1467 565 1650 626 tribu.
1698 586 1758 626 n.
1805 584 1958 646 prm.
2006 567 2102 627 sel.
2142 563 2152 646 Ι
2194 566 2376 641 lust.¹‚
2422 566 2728 646 depositus
2772 576 2864 628 est

295 666 305 751 Ι
352 668 415 730 in
462 670 585 749 pc.²
627 686 811 748 agens
855 665 1180 750 tribuflnatu
1225 668 1407 747 Rusg.
1453 687 1592 728 ann.
1638 666 1790 727 X11.³

460 770 676 834 Algerii
712 768 873 830 (VIII
901 769 1037 819 9248
1068 768 1206 818 vidit
1245 768 1585 834 Wilmanm).
1610 796 1677 806 —
1714 771 1764 832 1)
1805 766 2030 819 Tribuni
2064 770 2275 818 numeri
2301 770 2683 834 primanorum
2716 768 2862 820 Feli-

290 856 433 905 cium
469 854 908 904 Iustinianorum.
969 850 1049 914 Cli
1083 851 1152 904 Ν.
1187 854 1338 904 2840.
1371 881 1443 891 -
1477 854 1529 916 2)
1566 852 1630 903 In
1661 868 1812 917 pace.
1848 882 1913 891 —
1952 855 2003 917 3)
2048 852 2359 917 Rusguniae
2406 855 2661 920 oppidum
2695 859 2859 904 eitum

287 940 350 989 in
396 955 494 990 ora
541 938 913 990 Mauretaniae
955 953 1064 988 non
1111 939 1269 1001 longe
1314 940 1380 987 ab
1427 937 1598 1002 Alget·
1646 937 1903 1005 (Icosi0);
1949 943 2002 988 et
2039 943 2213 1004 potest
2255 941 2343 988 hic
2389 938 2527 1005 lapis
2563 937 2862 1004 Rusguniis

286 1022 574 1088 Alget-ium
611 1023 828 1075 adlatus
861 1040 986 1075 esse.

459 1175 632 1246 2818
695 1178 997 1240 Hariulfus
1038 1187 1342 1259 protector
1381 1174 1390 1259 Ι
1443 1178 1827 1257 domesitigus
1876 1185 2025 1252 (sie),
2085 1173 2298 1263 [sJilius
2343 1177 2718 1261 Hanlhavaldi
2764 1200 2861 1242 re-

286 1281 468 1362 galis¹
515 1278 726 1363 gentils
770 1281 1286 1359 Burgundionum,
1347 1280 1447 1358 qui
1503 1276 1512 1361 Ι
1565 1280 1741 1340 vicxit
1796 1298 1987 1341 annos
2028 1280 2135 1341 XX
2181 1290 2239 1343 et
2292 1278 2531 1361 menlsis
2590 1301 2745 1344 nove
2805 1292 2864 1344 et

293 1384 424 1445 dies
469 1402 637 1444 nove.
678 1382 688 1465 Ι
729 1382 956 1462 Reuglo
1003 1377 1378 1466 avunculu[s]
1421 1381 1430 1463 Ι
1469 1381 1653 1461 ipsius
1698 1383 1856 1444 fecit.

470 1499 730 1563 Treviris,
783 1517 914 1552 area
955 1516 1064 1567 rep.
1101 1517 1151 1551 a.
1187 1500 1313 1550 4377
1359 1498 1524 1565 (Ann.
1561 1497 1726 1550 Bhen.
1761 1500 1821 1551 64
1853 1515 1908 1564 p.
1943 1501 2008 1551 86
2044 1499 2116 1561 es.
2152 1501 2290 1567 Eph.
2327 1517 2404 1566 ep.
2439 1503 2473 1551 5
2501 1515 2559 1566 p.
2598 1501 2694 1552 424
2706 1520 2728 1564 ‚-
2778 1501 2863 1551 lit-

286 1590 455 1648 terae,
493 1586 669 1635 iudice
704 1586 957 1635 Helenor-o
995 1586 1090 1650 qui
1125 1585 1277 1646 vidit,
1312 1589 1440 1634 sunt
1472 1584 1676 1634 saeculi
1709 1583 1825 1645 sere
1860 1586 2038 1649 quinti
2071 1588 2421 1652 incipientis).
2455 1614 2522 1624 —
2564 1589 2611 1650 1)
2645 1585 2862 1651 Regalis

294 1670 615 1721 vocabulum
649 1672 863 1734 saepius
899 1670 1199 1720 adhibitum
1236 1670 1300 1719 ab
1338 1670 1655 1731 Ammiana,·
1689 1668 1764 1729 ef.
1799 1669 1904 1722 Mo.
1942 1671 2057 1736 eph.
2091 1673 2127 1720 ὅ
2156 1687 2214 1735 p.
2249 1670 2348 1722 456
2383 1676 2492 1723 noe.
2529 1670 2573 1724 4.

464 1821 638 1893 2814
723 1825 990 1887 Francus
1035 1844 1145 1905 ego
1192 1825 1368 1899 cives,
1416 1825 1721 1886 Romanus
1768 1826 1933 1887 miles
1976 1826 2036 1886 in
2083 1826 2263 1888 armis

722 1928 959 2007 egregia
1003 1927 1218 1988 virtute
1264 1928 1370 1988 tuli
1417 1927 1570 1988 bello
1618 1947 1747 1989 mea
1793 1929 2029 1990 dextera
2075 1922 2379 2012 sem[p]er.

471 2028 709 2092 Aquinci
744 2028 1048 2093 (Alc-Osen)
1086 2044 1199 2093 rep.
1239 2025 1350 2093 (III
1377 2028 1511 2078 3576
1547 2028 1683 2078 vidit
1718 2028 2050 2094 Mommsen).

2280 2125 2852 2134 ——u—-.————

1403 2367 1723 2445 Classes,

460 2516 632 2588 2815
698 2519 787 2580 Ti.
834 2519 982 2582 Iulio
1014 2522 1162 2598 Aug.
1210 2520 1247 2580 l.
1287 2519 1296 2602 Ι
1339 2520 1556 2601 Optato
1596 2519 1606 2605 Ι
1647 2522 1941 2583 Pontiano
1982 2525 1992 2599 Ι
2032 2523 2403 2602 procuratori
2434 2520 2537 2613 et}
2579 2524 2859 2603 praefect.

287 2624 498 2685 classis
516 2625 553 2698 ¹,
593 2621 603 2705 Ι
643 2622 731 2682 Ti.
778 2621 962 2683 lulius
1001 2622 1010 2704 Ι
1051 2622 1138 2682 Ti.
1187 2624 1226 2682 s.
1274 2622 1416 2683 Fab.
1457 2621 1466 2706 Ι
1508 2623 1761 2705 Optatus
1807 2623 1966 2685 llvir.

470 2723 800 2775 Tarracinae
837 2721 913 2787 (Χ
945 2722 1080 2775 6548
1114 2724 1252 2774 vidit
1285 2722 1617 2791 Mommsen).
1654 2753 1723 2763 --
1762 2727 1809 2789 1)
1847 2726 1925 2775 De
1960 2727 2058 2776 hoc
2098 2724 2290 2790 Optato
2326 2723 2398 2784 ef.
2433 2741 2600 2790 supra
2638 2723 2704 2775 N.
2732 2723 2860 2776 4986

288 2811 428 2877 (not.
463 2811 542 2873 2).

462 2960 636 3031 2816
700 2963 789 3024 Ti.
836 2963 983 3024 lulio
1028 2966 1178 3043 Aug.
1224 2963 1324 3025 lib.
1365 2962 1376 3045 Ι
1429 2963 1664 3025 Xantho
1709 2964 2014 3027 tractatori
2065 2963 2076 3046 Ι
2127 2964 2215 3025 Ti.
2264 2963 2527 3025 Caesaris
2572 2971 2631 3023 et
2681 2964 2690 3036 Ι
2744 2962 2858 3023 divi

291 3066 493 3128 Claudi
535 3068 545 3143 Ι
583 3075 641 3127 et
661 3066 959 3145 subpraef.
985 3066 1184 3126 classis
1222 3062 1234 3147 Ι
1272 3066 1656 3128 Alexandriae
1672 3068 1709 3141 ¹,
1750 3067 1761 3147 Ι
1799 3067 2005 3128 Atellia
2027 3066 2225 3128 Prisca
2258 3084 2406 3126 uxor
2445 3060 2455 3148 Ι
2494 3074 2550 3126 et
2574 3065 2860 3145 Lamyrus

288 3170 330 3230 l.
378 3169 647 3243 heredes,
688 3169 697 3248 Ι
739 3187 787 3228 v.
835 3187 885 3227 a.
933 3166 1211 3228 Lxxxx.

469 3268 663 3320 Romae
711 3269 874 3333 (Eph.
911 3285 989 3334 ep.
1025 3270 1074 3329 4,
1107 3269 1210 3319 926
1245 3267 1410 3317 deser.
1447 3266 1758 3327 Lanciani).
1798 3296 1861 3304 —
1904 3270 1951 3331 1)
1986 3266 2350 3334 Significatur
2398 3267 2583 3318 elassis
2618 3268 2854 3318 Alexan-

294 3354 460 3405 drina
498 3353 674 3420 (infra
711 3353 779 3409 Ν.
812 3354 962 3415 2944,
1000 3352 1071 3413 cf.
1107 3368 1275 3418 supra
1308 3350 1379 3405 N.
1413 3351 1586 3419 4544).

462 3509 630 3579 2817
699 3511 761 3572 C.
821 3509 968 3569 Iulio
1031 3507 1293 3570 Caesaris
1343 3507 1352 3590 Ι
1406 3508 1444 3568 l.
1497 3509 1813 3568 Automato
1871 3509 2121 3580 trierar.‚
2171 3505 2183 3590 Ι
2234 3507 2378 3568 Iulia
2438 3508 2499 3569 C.
2559 3509 2597 3569 1.
2658 3508 2855 3569 Plusia

296 3633 470 3676 soror
505 3612 517 3695 Ι
557 3613 715 3685 fecit,
761 3620 820 3672 et
861 3610 971 3672 sibi
1017 3619 1075 3670 et
1118 3610 1258 3671 suis.

464 3712 658 3763 Miseni
693 3711 771 3774 (X
797 3712 939 3765 5357
973 3711 1047 3761 ad
1079 3712 1453 3776 apographum
1486 3711 1664 3760 nescio
1703 3726 1737 3760 a
1774 3726 1877 3775 quo
1914 3708 2163 3776 factum).

463 3863 638 3934 2818
700 3868 789 3929 Ti.
835 3867 1019 3929 Iulius
1062 3869 1210 3946 Aug.
1268 3863 1374 3946 etl
1425 3867 1671 3944 August.
1716 3864 1779 3925 1.¹
1837 3864 2132 3943 Diogenes
2175 3863 2294 3938 ιη’,
2345 3865 2355 3944 Ι
2406 3864 2519 3926 sibi
2576 3875 2633 3926 et
2691 3867 2857 3945 Nigi-

294 3969 423 4031 diae
468 3970 791 4049 Eutychiae
828 3968 837 4051 Ι
879 3968 1117 4046 coniugi
1163 3978 1222 4029 et
1265 3968 1403 4038 suis,
1451 3967 1677 4046 Nigidia
1723 3966 2009 4048 Eutychia
2047 3965 2057 4048 Ι
2109 3962 2460 4052 S[ta]heriae
2505 3967 2566 4028 C.
2613 3967 2651 4027 l.
2699 3967 2853 4027 Mar-

294 4072 513 4152 garitae
557 4071 774 4132 amicae
812 4072 822 4150 Ι
861 4089 1020 4131 suae.
1094 4069 1167 4129 H.
1213 4088 1290 4130 m.
1337 4069 1395 4129 h.
1443 4089 1502 4129 n.
1547 4088 1597 4130 s.

470 4170 702 4235 Neapoli
736 4174 795 4221 in
818 4186 1013 4235 museo,
1044 4173 1276 4236 pertinet
1300 4169 1373 4219 ad
1391 4169 1652 4219 Misenum
1679 4167 1752 4233 (Χ
1773 4169 1917 4220 5558
1938 4168 2078 4219 vidit
2100 4166 2428 4231 Mommsen).
2453 4194 2521 4212 -ε
2548 4169 2595 4230 1)
2618 4167 2859 4231 Augusti

292 4261 347 4306 et
381 4258 676 4322 Augustae,
711 4256 920 4306 scilicet
956 4254 1160 4307 Tiberii
1194 4259 1246 4304 et
1278 4257 1470 4304 matris
1505 4255 1635 4316 eius,
1672 4253 1909 4303 libertus.
1944 4279 2013 4289 —
2049 4252 2101 4314 2)
2142 4251 2509 4302 Tuder-arelius.

461 4408 632 4479 2819
697 4410 841 4473 Iulia
895 4406 1219 4490 Cleolpatra
1277 4428 1429 4488 quae
1486 4418 1544 4469 et
1594 4409 1604 4483 Ι
1653 4405 1900 4480 Lezbia‚
1960 4406 2023 4468 C.
2070 4404 2180 4466 Iuli
2224 4402 2527 4489 Menloetis
2588 4406 2625 4464 f.
2684 4405 2853 4466 Anti-

294 4514 567 4576 ochensis
605 4515 615 4595 Ι
656 4513 861 4595 Syriae
904 4513 977 4572 ad
1024 4512 1351 4590 Daphnem,
1391 4510 1402 4594 Ι
1443 4528 1595 4571 uxor
1638 4507 1984 4569 Malchionis
2022 4505 2031 4590 Ι
2072 4505 2365 4577 Caesaris,
2422 4506 2728 4567 trierarchi
2777 4507 2851 4568 de

294 4619 303 4698 Ι
351 4618 530 4678 triere
575 4615 961 4694 Triptolemo.

461 4715 743 4767 Brundisii
779 4713 886 4780 (IX
914 4712 973 4764 44
1012 4711 1083 4773 el}
1116 4728 1170 4778 p.
1205 4713 1306 4765 652
1341 4711 1500 4762 semel
1533 4712 1850 4776 descripta).

315 4813 454 4821 -k
623 4810 814 4817 Λυ-ῗτ-σ-
843 4810 946 4815 -ῂ-
2298 4805 2387 4810 <UH
2438 4805 2471 4810 h*
2500 4806 2677 4811 ————-—-
2702 4807 2725 4811 —
2750 4807 2777 4812 ἶ..
2840 4805 2870 4814 Q
