3432 5387
492 333 616 394 332
1624 335 1805 405 eaput
1837 335 1932 389 VI.

663 505 836 576 1528
899 508 975 569 Μ.
1025 507 1155 588 Ulp.
1201 504 1547 591 Alexanlder
1592 509 1741 588 Aug.
1787 508 1886 569 lib.
1928 507 1938 589 Ι
1977 507 2049 568 ab
2094 507 2385 580 auctorit„
2425 504 2436 589 Ι
2475 506 2551 567 Μ.
2599 505 2730 586 Ulp.
2771 506 3011 568 Asiatic.
3049 504 3063 590 Ι

495 612 554 684 s.,
602 610 679 669 M.
717 610 846 689 Ulp.
878 610 1142 683 Alexan„
1182 608 1192 693 Ι
1231 610 1309 670 Μ.
1342 610 1472 690 Ulp.
1505 610 1801 671 Theodor.
1841 606 1854 693 Ι
1891 609 2010 682 lib„
2045 609 2174 689 Ulp.
2209 608 2400 670 Procl.
2441 608 2451 688 Ι
2491 608 2801 670 vernacula
2839 607 2849 689 Ι
2891 654 2905 668 .
2941 655 2955 668 .
2992 656 3009 669 .
3047 656 3065 669 .

664 709 880 760 Salonis
914 709 1172 776 (1114998
1206 710 1344 760 vidit
1381 710 1711 776 Mommsen).

664 843 833 914 1529
895 847 962 907 Τ.
1009 846 1283 908 Aurelius
1326 846 1628 926 Egatheus
1671 847 1813 925 imp.
1853 846 2141 906 Antonini
2186 845 2335 925 Aug.
2382 844 2484 905 lib.
2531 863 2562 904 a
2608 844 2925 906 codicillis¹
2973 844 3065 905 d.²

495 948 713 1027 posuit.
796 954 869 1011 T.
901 939 1209 1034 Αὖρῆλις
1233 938 1562 1031 ’Hya-94:09
1589 939 2035 1032 ᾍντΙωΙνίνου
2066 946 2406 1028 Σεβαστοῦ
2437 937 2895 1030 ἀπελεύθερος
2938 943 3064 1011 ἐπὶ

497 1051 630 1113 τῶν
672 1047 1082 1127 κοδικίλλων,
1129 1047 1344 1134 δῶρον
1389 1042 1580 1114 ἆνέθ.

665 1149 864 1202 Romae
899 1152 1007 1211 (VI
1035 1152 1163 1201 8440
1197 1151 1359 1200 semel
1390 1151 1673 1216 descripta,
1710 1150 1858 1215 quod
1889 1150 2262 1215 apographum
2297 1166 2366 1199 ex
2401 1149 2583 1200 codice
2618 1148 2801 1214 aliquo
2842 1149 3062 1200 Ottobo-

495 1239 663 1287 niano
691 1237 926 1302 protulit
962 1235 1184 1299 Maius).
1218 1264 1286 1272 —
1327 1239 1374 1301 1)
1410 1236 1554 1286 Idem
1589 1235 1867 1299 Egatheus
1904 1237 2262 1299 memoratur,
2305 1238 2369 1284 ut
2401 1235 2540 1284 vidit
2569 1233 2776 1299 Maius,
2812 1251 2845 1284 a
2878 1235 3063 1286 Fron-

497 1326 621 1372 tone
641 1323 701 1372 in
726 1322 956 1388 epistula
981 1321 1055 1371 ad
1076 1320 1145 1372 M.
1173 1320 1447 1371 Caesarem
1481 1321 1556 1383 (2,
1583 1321 1643 1372 46
1675 1337 1729 1386 p.
1752 1321 1820 1372 57
1844 1317 2067 1384 Ναὸον),
2104 1335 2174 1369 ex
2199 1335 2304 1385 qua
2330 1323 2596 1370 mentione
2620 1321 2834 1371 videtur
2867 1319 3064 1385 colligi

495 1403 675 1472 posse,
723 1406 1095 1458 codicillorum
1143 1407 1400 1457 vocabulo
1445 1409 1504 1456 in
1547 1407 1646 1456 hoc
1690 1405 1850 1455 titulo
1893 1403 2201 1469 significari
2245 1408 2558 1455 testamenta
2608 1403 2703 1464 (cll
2743 1403 3061 1466 Hirschfeld

502 1491 677 1542 Ver-w.
708 1507 763 1557 p.
787 1493 850 1542 60
885 1495 998 1542 not.
1022 1493 1101 1556 2).
1137 1520 1204 1528 —
1241 1493 1290 1553 2)
1327 1492 1556 1542 Donum.

667 1625 837 1696 1530
900 1628 1066 1690 locus
1106 1625 1115 1709 Ι
1152 1629 1450 1709 sepulchri
1475 1626 1485 1710 Ι
1511 1628 1785 1690 Eschinis
1815 1629 1962 1707 Aug.
1996 1627 2031 1686 l.
2061 1622 2071 1709 Ι
2104 1626 2178 1687 ab
2209 1626 2510 1697 codicilliS,
2546 1624 2554 1708 Ι
2589 1627 2649 1687 in
2681 1627 2721 1686 l'.
2754 1644 2813 1705 p.
2846 1626 3009 1701 CDL,
3048 1625 3059 1710 Ι

496 1730 558 1790 in
603 1748 655 1790 a.
748 1776 760 1790 .
810 1729 1072 1792 CXXCV.

668 1751 740 1881 1711)
767 1846 904 1895 agro
940 1829 1180 1881 Romano
1225 1845 1364 1895 rep„
1411 1831 1506 1879 ubi
1551 1830 1764 1880 videtur
1808 1826 1980 1888 fuisse
2012 1828 2237 1878 Ficulea
2274 1826 2434 1889 (XIV
2458 1827 2582 1878 4044
2620 1828 2759 1878 vidit
2796 1828 3060 1890 Henzen).

670 1965 834 2035 1531
907 1964 1015 2053 [Μ.
1057 1964 1251 2052 U]lpio
1284 1968 1431 2048 Aug.
1464 1969 1564 2029 lib.
1598 1961 1906 2051 Strato[ni]
1946 1965 1957 2048 Ι
1994 1965 2245 2027 adiutori
2281 1986 2315 2027 a
2346 1967 2647 2039 codicillis,
2690 1969 2699 2043 Ι
2738 1967 2814 2027 Μ.
2846 1967 3061 2047 Ulpius

498 2069 812 2149 EutycheS,
852 2067 863 2152 Ι
903 2069 1070 2150 Ulpia
1118 2070 1500 2149 Primigenia,
1541 2069 1550 2151 Ι
1593 2070 1667 2129 Μ.
1716 2068 1925 2147 Ulpius
1970 2067 2327 2143 Mercurius,
2379 2068 2389 2149 Ι
2431 2069 2598 2148 Ulpia
2647 2068 2907 2129 Primilla
2950 2068 3059 2129 lib.

499 2171 875 2252 Eutychetis,
929 2171 939 2252 Ι
992 2172 1261 2232 fecerunt
1317 2180 1570 2250 patrono
1608 2168 1618 2252 Ι
1659 2171 1815 2231 bene
1872 2169 2155 2244 merenti,
2203 2180 2262 2231 et
2305 2171 2529 2232 libertis
2570 2167 2579 2252 Ι
2617 2169 3061 2249 libertabusque

502 2273 875 2353 posterisque
919 2292 1144 2333 eorum.
1186 2270 1196 2354 Ι
1236 2273 1686 2334 Monumentum
1734 2282 2001 2332 exterum
2046 2271 2321 2333 heredem
2362 2275 2372 2349 Ι
2411 2268 2550 2356 [non
2591 2266 2886 2356 sequitur}

667 2371 865 2423 Romae
901 2377 1058 2423 extra
1091 2377 1306 2438 portam
1342 2374 1745 2424 Praenestinam
1784 2373 2037 2432 (V18442
2078 2373 2289 2422 Henzen
2324 2373 2461 2423 vidaet
2494 2377 2787 2439 ectypum).

670 2508 841 2578 1532
903 2511 1101 2572 Aurel.
1159 2510 1464 2572 Ianuariae
1522 2511 1672 2571 filiae
1721 2510 1730 2591 Ι
1780 2511 2109 2590 piissimae,
2166 2530 2225 2589 q.
2281 2511 2391 2571 vix.
2451 2530 2545 2572 an.
2596 2510 2702 2570 llll
2758 2514 2768 2586 1
2819 2530 2895 2575 m.
2954 2510 3059 2570 Vll

502 2612 708 2674 diebus
752 2612 899 2686 XVI,
939 2610 948 2696 Ι
990 2613 1289 2674 Romanus
1333 2614 1481 2693 Aug.
1527 2613 1626 2674 lib.
1673 2631 1838 2692 proc.
1877 2613 1887 2695 Ι
1928 2631 1957 2672 a
2005 2612 2152 2673 cad.¹
2198 2621 2367 2692 pater
2410 2607 2505 2698 [f.]

669 2714 886 2765 Alicubi
919 2717 977 2765 in
1013 2716 1188 2765 Dacia
1224 2720 1288 2764 ut
1323 2716 1538 2766 videtur
1572 2731 1682 2780 rep.
1722 2713 1831 2779 (III
1860 2714 1994 2765 4622
2037 2714 2197 2763 semel
2239 2714 2507 2779 descripta
2555 2731 2692 2765 saec.
2732 2713 2954 2780 XVIII).
2991 2742 3065 2752 -

509 2801 555 2860 1)
590 2799 920 2851 Procurator
956 2817 988 2849 a
1025 2801 1256 2852 caducis.

673 3066 842 3137 1538
909 3069 1108 3131 Claudi
1148 3070 1157 3154 Ι
1200 3070 1397 3151 Optati
1437 3070 1448 3155 Ι
1486 3071 1634 3151 Aug.
1681 3072 1719 3132 l.
1762 3071 1770 3155 Ι
1812 3090 1976 3150 proc.
2021 3081 2230 3151 portus
2269 3070 2280 3154 Ι
2320 3071 2584 3134 Ostiesis.

668 3169 912 3220 Berolini
944 3172 1003 3220 in
1037 3186 1234 3235 museo,
1269 3171 1472 3222 lamina
1508 3188 1672 3222 aenea
1708 3172 1943 3222 rotunda
1982 3174 2215 3235 originis
2248 3175 2490 3224 incertae
2527 3171 2799 3234 (X1V463
2832 3173 2986 3237 vidi).

673 3306 841 3375 1534
907 3309 970 3368 P.
1004 3309 1166 3370 Aelio
1206 3314 1354 3390 Aug.
1401 3309 1501 3371 lib.
1543 3308 1551 3391 Ι
1592 3309 1846 3370 Liberali
1885 3309 1893 3393 Ι
1935 3311 2307 3390 procuratori
2350 3330 2625 3372 annonae
2662 3309 2673 3393 Ι
2717 3310 3002 3374 Ostiensis
3019 3315 3063 3388 ¹,

503 3411 877 3493 procuratori
916 3409 926 3492 Ι
967 3412 1367 3491 pugillationis
1412 3421 1473 3473 et
1515 3412 1587 3472 ad
1619 3431 1795 3473 naves
1834 3408 1843 3493 Ι
1882 3400 2105 3489 vag'as2,
2150 3412 2467 3473 tribunicio
2513 3412 2723 3493 collegi
2760 3412 2771 3495 Ι
2810 3415 3063 3493 magni⁸,

504 3514 785 3575 decuriali
843 3514 1116 3575 decuriae
1167 3514 1178 3594 Ι
1229 3514 1504 3575 viatoriae
1562 3514 1825 3585 consul.,
1896 3513 2173 3574 decuriali
2227 3511 2237 3594 Ι
2287 3514 2659 3592 gerulorum,
2718 3518 3063 3596 praeposito

503 3633 743 3677 mensae
781 3619 792 3691 Ι
834 3615 1121 3677 nummul.
1169 3618 1208 3677 l'.
1261 3619 1299 3677 s.
1341 3617 1510 3690 Ost.⁴,
1557 3625 1770 3677 ornato
1817 3612 2201 3699 ornalmentis
2244 3615 2661 3679 decurionatus
2706 3618 2818 3679 col.
2867 3619 3014 3693 Ost„
3051 3618 3061 3701 Ι

504 3726 760 3798 patrono
800 3715 810 3799 Ι
854 3718 1235 3780 Laurentium
1284 3718 1392 3779 vici
1437 3718 1834 3798 Augustanor.

678 3818 741 3867 In
789 3832 925 3882 agro
964 3818 1251 3884 Laurenti,
1298 3824 1356 3870 in
1381 3819 1677 3869 ’ruderibus
1711 3820 1819 3867 vici
1851 3818 2164 3881 Augustani
2197 3833 2309 3883 rep.
2346 3816 2507 3882 (XIV
2539 3819 2673 3869 2045
2717 3819 2792 3869 ad
2831 3835 3064 3887 apogra-

503 3902 669 3967 phum
694 3902 840 3952 Petri
862 3901 1075 3970 Rosae).
1102 3931 1165 3941 -
1209 3907 1257 3968 1)
1291 3904 1445 3954 Alios
1475 3908 1859 3969 procuratores
1894 3917 2142 3953 annonae
2168 3902 2433 3964 Ostiensis,
2465 3903 2560 3953 sed
2590 3905 2870 3971 ingenuos,
2904 3908 3066 3957 habes

503 4003 669 4053 supra
689 3985 758 4038 Ν.
775 3989 1119 4041 4426-4454.
1139 4016 1205 4028 -
1225 3991 1275 4052 2)
1295 3989 1410 4053 Quo
1425 3991 1698 4055 pertineat
1713 3992 1843 4039 Ilaec
1858 3990 2192 4052 procuratio,
2216 3991 2508 4052 ignoratur
2533 3986 2632 4053 (ad
2654 4004 2868 4040 cursum
2889 3991 3066 4056 publi·

505 4088 622 4124 cum
636 4074 912 4137 pertinere
936 4077 1164 4125 coniecit
1180 4075 1392 4125 Henzen
1413 4075 1539 4127 bull.
1558 4075 1678 4125 dell'
1697 4075 1826 4125 Inst.
1844 4075 1972 4125 4875
1991 4088 2047 4138 p.
2072 4074 2137 4141 40
2152 4089 2257 4137 seq.
2270 4091 2290 4135 ‚·
2314 4071 2408 4122 sed
2428 4071 2501 4133 cf.
2523 4071 2813 4125 Mommsen
2832 4075 3065 4129 Staatsr.

504 4158 563 4208 11
576 4158 599 4190 ³
637 4174 691 4224 p.
727 4159 859 4210 4030
908 4164 1017 4210 not.
1052 4161 1136 4227 5).
1177 4187 1246 4197 —
1287 4161 1338 4223 3)
1378 4158 1458 4219 Cl'.
1494 4174 1662 4224 supra
1697 4158 1768 4212 Ν.
1804 4159 1934 4209 4505
1969 4163 2079 4209 not.
2124 4160 2179 4211 3.
2215 4186 2281 4195 —
2317 4160 2369 4221 4)
2415 4157 2627 4209 Mensae
2669 4160 3063 4211 nummulus-iae

500 4242 621 4305 fisci
652 4241 1010 4303 frumentarii
1046 4243 1313 4295 Ostiensis.

675 4376 846 4446 1535
913 4379 1137 4461 Carpus
1188 4381 1336 4459 Aug.
1392 4380 1492 4441 lib.
1535 4377 1544 4461 Ι
1584 4380 1985 4441 Pallantianus
2037 4377 2047 4461 Ι
2096 4380 2329 4440 adiutor
2373 4381 2573 4442 Claudi
2611 4379 2624 4464 Ι
2662 4381 3062 4443 Athenodori⁸

506 4481 689 4560 praes.
719 4481 728 4563 Ι
753 4500 1050 4556 annonae,
1083 4482 1220 4543 fecit
1247 4481 1357 4543 sibi
1386 4480 1394 4564 Ι
1427 4492 1487 4545 et
1510 4483 1781 4544 Claudiae
1805 4482 1938 4544 Cale
1971 4479 1981 4563 Ι
2014 4482 2208 4561 coiugi
2240 4482 2536 4561 piissimae
2566 4493 2626 4544 et
2654 4480 2663 4565 Ι
2697 4483 2786 4544 Ti.
2820 4483 3061 4544 Claudio

506 4581 672 4652 Quir.
712 4581 722 4660 Ι
761 4584 1067 4644 Antonino
1099 4583 1218 4644 filio
1250 4593 1307 4644 et
1339 4579 1349 4665 Ι
1382 4585 1472 4645 Ti.
1506 4585 1746 4647 Claudio
1778 4585 2043 4645 Romano
2082 4582 2094 4666 Ι
2132 4604 2366 4658 vernae,
2397 4594 2457 4646 et
2484 4584 2707 4647 libertis
2742 4582 2754 4667 Ι
2792 4584 3063 4647 uben-tab.

505 4684 876 4762 posterisque
915 4683 925 4764 Ι
965 4703 1087 4745 eor.
1155 4690 1243 4755 (In
1279 4691 1446 4743 latere
1482 4694 1580 4745 dea
1615 4695 1866 4754 Annona,
1901 4695 1960 4742 in
1998 4693 2167 4744 altero
2205 4694 2373 4744 latere
2404 4697 2558 4745 navis
2591 4691 2998 4761 frumentaria).
