3432 5387
1377 407 1550 464 Tituli
1584 409 1862 464 militares.
2317 396 2322 400 ’
2788 405 2910 465 399

350 584 491 632 m'am
529 580 769 644 Cilicum,
797 583 1033 646 primam
1064 580 1442 643 Thebaeorum,
1481 584 1692 633 tertiam
1731 582 2066 633 Itur-aeorum
2103 584 2161 632 in
2185 583 2433 648 Aegypto
2472 583 2754 633 tetendisse
2789 599 2914 635 oon·

349 666 572 728 firmant
618 666 767 716 tituli
812 666 962 725 infra
1009 667 1167 730 editi,
1214 669 1455 733 reliquas
1501 669 1618 719 alas
1659 674 1710 717 et
1757 670 1998 719 cohortes
2047 667 2293 733 (excepta
2341 668 2456 719 sola
2504 669 2593 720 ala
2631 670 2908 738 Augusta)

350 752 453 802 alin·
487 752 633 803 tituli
669 750 890 817 (Graeci
919 752 1205 819 plerique),
1242 767 1373 818 quos
1409 755 1706 819 composuit
1739 752 2028 803 Mommsen
2062 754 2177 817 eph.
2217 769 2296 818 ep.
2319 756 2354 804 ὅ
2385 768 2439 818 p.
2462 754 2573 815 644,
2611 760 2663 804 et
2697 755 2908 806 Notitia

350 838 682 902 dignitatum
733 836 819 889 Or.
868 852 911 888 c.
946 839 1034 890 28.
1070 867 1138 875 -
1176 840 1227 902 3)
1279 837 1420 889 Idem
1465 841 1561 903 qui
1604 834 1718 897 fuit
1761 841 2085 903 procurator
2119 837 2349 888 Iudaeae
2395 855 2445 890 a.
2481 838 2540 889 74
2591 838 2820 905 (Ioseph.
2865 842 2911 892 b.

352 921 466 973 Iud.
511 923 559 983 7,
583 924 631 982 6,
653 924 701 982 6,
736 924 832 973 ubi
866 939 1051 973 errore
1085 928 1162 973 est
1197 922 1494 996 Λιβερίῳ),
1540 921 1853 988 praefectus
1906 938 2154 973 annonae
2205 940 2254 974 a.
2289 925 2357 974 80
2410 923 2538 989 (act.
2593 925 2807 992 Arval.)
2845 954 2913 962 -—

352 1012 402 1071 4)
422 1011 456 1060 9
480 1008 599 1058 Iun.
627 1010 701 1068 (α.
723 1009 796 1059 85
807 1026 828 1069 ,·
862 1007 1140 1059 con-mlum
1159 1026 1265 1073 par
1284 1012 1564 1073 praeterea
1590 1012 1870 1073 ignotnm5
1911 1007 2111 1058 Tettius
2135 1008 2380 1059 Iulianus
2403 1008 2620 1060 videtur
2653 1010 2792 1059 idem
2820 1012 2913 1075 qui

351 1092 461 1153 fuit
505 1093 713 1157 legatus
759 1091 988 1157 legionis
1032 1096 1289 1159 septimae
1338 1093 1593 1145 Claudiae
1640 1110 1687 1144 α.
1718 1095 1784 1145 69
1818 1096 1871 1142 et
1899 1098 2122 1157 praetor
2158 1111 2203 1145 a.
2229 1095 2308 1157 70,
2345 1094 2412 1153 cll
2447 1093 2569 1145 Tac.
2605 1096 2725 1147 hist.
2764 1095 2811 1159 4,
2828 1096 2912 1147 79.

353 1179 502 1239 2‚85.
541 1180 587 1237 4,
610 1180 695 1230 39.
720 1178 826 1244 40).

2669 1278 2907 1285 rw*

522 1312 691 1383 1997
757 1317 896 1396 imp.
931 1316 1142 1379 Caesar
1186 1318 1299 1378 divi
1313 1275 1705 1398 Vespasiani
1719 1275 1757 1378 l'
1795 1318 2164 1379 Domitianus
2192 1319 2493 1398 Augustus
2525 1319 2913 1380 Germanicus

352 1419 619 1499 pontifex
665 1420 974 1493 maximuS,
1020 1422 1302 1482 tribunic.
1348 1431 1623 1501 potestat.
1670 1420 1784 1492 111,
1834 1422 1974 1503 imp.
2022 1422 2144 1494 Vll,
2191 1440 2247 1500 p.
2294 1439 2373 1501 p.,
2419 1439 2542 1482 coS.
2591 1421 2695 1494 X¹,
2742 1422 2911 1500 equi-

350 1520 509 1583 tibus
565 1530 625 1581 et
679 1522 1011 1600 peditibus,
1069 1525 1169 1602 qui
1230 1523 1482 1585 militant
1524 1524 1583 1584 in
1645 1524 1751 1585 alis
1796 1525 2060 1603 quinque
2113 1533 2172 1584 et
2216 1522 2562 1585 cohortibus
2605 1524 2810 1585 decem
2855 1531 2916 1583 et

350 1623 559 1697 tribus,
604 1642 754 1702 quae
798 1624 1176 1704 appellantur
1220 1630 1291 1701 (1)
1323 1609 1378 1687 Ῑ
1407 1626 1618 1687 civium
1664 1626 2072 1687 Romanorum
2118 1636 2177 1687 et
2224 1626 2296 1704 (2)
2336 1611 2383 1686 '1'
2411 1637 2471 1686 et
2515 1627 2589 1705 (3)
2636 1628 2686 1690 11
2733 1633 2912 1690 Arva-

351 1744 555 1787 corum
602 1736 662 1787 et
687 1728 762 1802 (4)
806 1726 1214 1788 Frontoniana
1260 1737 1320 1788 et
1364 1728 1439 1805 (5)
1489 1727 1763 1803 Siliana2,
1809 1739 1869 1790 et
1913 1729 1985 1806 (1)
2014 1714 2060 1788 ‘1
2100 1729 2451 1789 Noricorum
2498 1737 2555 1789 et
2600 1731 2676 1808 (2)
2710 1717 2911 1796 Tssri-

352 1829 587 1889 tannica
636 1837 693 1890 et
737 1813 876 1908 (8)—1
918 1829 1335 1890 Montanorum
1384 1839 1444 1890 et
1486 1833 1557 1909 (4)
1590 1816 1640 1892 Ῑ
1676 1830 2098 1893 Lusitanorum
2145 1841 2203 1893 et
2246 1833 2320 1910 (5)
2365 1829 2392 1890 1
2437 1841 2497 1891 et
2542 1832 2615 1910 (6)
2665 1835 2688 1895 1
2735 1844 2795 1896 et
2837 1839 2911 1911 (7)

348 1916 407 1993 ῙῙ
449 1930 800 2010 Alpinorum
846 1941 905 1990 et
950 1932 1025 2008 (8)
1065 1915 1137 1991 ΪῙ
1167 1930 1568 2010 Hispanorum
1616 1943 1675 1994 et
1721 1935 1793 2012 (9)
1839 1919 1933 1994 ῙῙΪ
1953 1934 2242 1994 Thracum
2291 1945 2352 1996 et
2395 1936 2498 2012 (10)
2527 1934 2574 1992 V
2608 1936 2910 2000 Gallorum

350 2043 410 2095 et
466 2036 568 2111 (11)
604 2017 668 2088 V
704 2032 1103 2094 Callaecorum
1148 2033 1508 2096 Lunensium
1571 2044 1629 2096 et
1673 2036 1773 2113 (12)
1829 2022 1905 2095 Vl
1951 2036 2247 2097 Thracum
2306 2048 2364 2096 et
2422 2040 2522 2116 (13)
2566 2022 2703 2100 wll
2762 2040 2911 2101 Rae-

350 2137 605 2209 torum³,
664 2144 724 2196 et
778 2146 919 2195 sunt
965 2135 1023 2194 in
1075 2135 1379 2196 Pannonia
1424 2136 1534 2198 sub
1581 2137 1647 2198 L.
1695 2136 2064 2198 Funisulano
2111 2139 2523 2215 Vettoniano⁴,
2582 2142 2684 2221 qui
2730 2142 2912 2221 quina

350 2249 407 2300 et
437 2239 641 2299 vicena
686 2237 980 2318 stipendia
1024 2246 1125 2297 aut
1169 2238 1337 2317 plura
1384 2250 1746 2313 meruerant,
1793 2258 2045 2319 quorum
2096 2242 2337 2302 nomina
2374 2241 2709 2322 subscripta
2740 2252 2911 2304 suut:

351 2341 491 2421 ipsis
549 2340 752 2400 liberis
809 2338 1180 2418 posterisque
1235 2358 1441 2402 eorum
1503 2342 1791 2404 civitatem
1850 2343 2011 2404 dedit
2060 2352 2120 2403 et
2162 2343 2485 2405 conubium
2530 2362 2667 2406 cum
2710 2345 2912 2405 uxori-

352 2443 493 2515 buS‚
553 2460 700 2520 quas
756 2450 901 2502 tunc
959 2441 1304 2503 habuissent
1362 2461 1496 2504 cum
1560 2454 1649 2506 est
1691 2445 1892 2505 civitas
1937 2445 2006 2506 iis
2051 2445 2215 2518 data,
2274 2457 2377 2507 aut
2419 2447 2466 2507 si
2515 2445 2614 2524 qui
2661 2446 2914 2508 caelibes

352 2554 569 2619 essent,
615 2563 750 2606 cum
782 2544 853 2605 iis
884 2563 1031 2623 quas
1076 2553 1279 2622 postea
1317 2545 1625 2607 duxissent
1666 2548 1966 2607 dumtaxat
2009 2547 2227 2626 singuli
2257 2548 2538 2626 singulas.
2614 2550 2679 2609 Α.
2727 2549 2783 2608 d.
2830 2549 2911 2609 111

354 2667 542 2710 nonas
598 2649 759 2729 Sept.
820 2646 882 2709 C.
942 2646 1136 2708 Tullio
1200 2645 1485 2726 Capitone
1545 2649 1950 2729 Pomponiano
1997 2649 2186 2710 Plotio
2235 2649 2466 2723 Firmo,
2526 2650 2587 2710 C.
2637 2650 2911 2712 Cornelio

351 2750 651 2811 Gallicano
698 2751 852 2812 coe.⁵

522 2855 750 2915 cohort.
811 2851 835 2912 1
890 2852 1339 2925 Montanorum,
1400 2853 1493 2913 cui
1541 2863 1739 2932 praest
1781 2853 1989 2933 Nipius
2032 2853 2271 2931 Aquila,
2319 2853 2528 2933 pediti:
2579 2853 2751 2916 Dasio
2800 2853 2913 2914 Da-

349 2957 533 3019 sentis
580 2959 618 3016 f.
666 2955 906 3016 Dalmat.

524 3058 898 3136 Descriptum
945 3069 1004 3119 et
1048 3059 1422 3137 recognitum
1474 3077 1543 3119 ex
1591 3057 1784 3118 tabula
1829 3074 2040 3126 aenea,
2102 3076 2251 3137 quae
2297 3059 2405 3118 fixa
2452 3068 2542 3120 est
2585 3059 2806 3120 Romae
2850 3062 2910 3121 in

352 3160 641 3240 Capitolio
688 3169 826 3239 post
885 3160 1202 3222 thesarium
1262 3161 1577 3220 veterem.⁶
1653 3161 1716 3221 P.
1764 3162 1922 3221 Atini
1970 3161 2101 3221 Rufi
2148 3194 2232 3204 —
2277 3160 2346 3231 Q.
2379 3161 2535 3222 Muci
2581 3162 2914 3242 Augustalis

351 3298 434 3307 —
480 3263 542 3323 C.
591 3262 826 3322 Lucreti
872 3262 1119 3322 Modesti
1152 3298 1234 3306 —
1266 3262 1326 3322 C.
1374 3262 1482 3322 luli
1530 3263 1849 3324 Clementis
1875 3297 1961 3306 —
1992 3262 2058 3322 L.
2095 3262 2246 3323 Sesti
2293 3263 2526 3323 Maximi
2558 3297 2645 3308 —
2677 3264 2747 3335 Q.
2780 3266 2912 3326 luni

351 3366 543 3446 Syllae
588 3400 670 3409 —-
718 3365 779 3425 P.
829 3363 1062 3424 Corneli
1111 3364 1459 3424 Verecundi.

521 3465 833 3532 Diptyclaon
869 3480 1121 3528 aeneum,
1159 3465 1311 3514 Peetlz
1349 3467 1406 3514 in
1443 3480 1649 3525 museo,
1696 3479 1807 3528 rep.
1845 3467 1908 3513 ut
1941 3464 2147 3514 dicitur
2173 3462 2439 3514 Carnunti
2474 3463 2637 3529 (ΕρΙι.
2674 3467 2844 3530 epigr.
2878 3469 2913 3516 5

343 3566 400 3616 p.
437 3553 515 3603 94.
539 3551 649 3617 95).
687 3578 747 3588 -
797 3552 844 3612 1)
878 3551 944 3603 A.
976 3552 1057 3602 84.
1094 3579 1159 3587 -
1198 3550 1250 3612 2)
1286 3549 1533 3615 Quinque
1580 3551 1679 3600 kae
1728 3549 1848 3599 alae
1892 3549 2117 3600 redeunt
2152 3552 2210 3600 in
2246 3551 2628 3600 constitutione
2662 3549 2792 3599 data
2828 3549 2914 3599 die

347 3639 382 3687 3
419 3636 562 3702 Sept.
597 3638 665 3687 83
704 3640 1014 3700 pertenente
1061 3635 1135 3685 ad
1167 3636 1390 3686 eundem
1424 3637 1722 3685 exercitum
1757 3634 2124 3684 Pannonicum
2162 3631 2242 3698 (C.
2280 3632 2368 3683 III
2388 3649 2446 3698 p.
2469 3635 2617 3697 833).
2653 3663 2719 3671 -—
2761 3636 2812 3696 3)
2850 3635 2914 3685 In

350 3725 732 3773 constitutione
766 3739 815 3773 α.
840 3724 908 3773 85
944 3718 1040 3783 (cf.
1073 3724 1185 3771 not.
1208 3721 1269 3787 2)
1306 3720 1533 3770 redeunt
1566 3736 1635 3769 ex
1672 3719 1926 3769 tredecim
1963 3720 2046 3768 leis
2080 3720 2389 3768 cohortibus
2412 3718 2680 3784 undecim,
2714 3719 2918 3769 scilicet

352 3822 532 3858 omnes
561 3813 779 3872 praeter
810 3806 1097 3857 secundam
1132 3806 1455 3872 Alpinorum
1492 3810 1543 3854 et
1581 3808 1797 3855 tertiam
1848 3803 2130 3854 Thracum.
2169 3832 2216 3840 —
2267 3806 2320 3864 4)
2359 3801 2439 3863 Cf.
2474 3819 2642 3869 supra
2678 3802 2746 3854 N.
2769 3804 2916 3858 4005.

350 3919 421 3929 -
457 3896 507 3956 5)
552 3893 590 3944 5
626 3891 769 3957 Sept.
817 3893 891 3951 (a.
925 3893 1021 3953 84,·
1075 3891 1352 3940 consulum
1388 3906 1499 3955 par
1552 3893 1834 3954 praeterea
1889 3891 2135 3954 ignotum
2148 3906 2167 3949 ;
2223 3887 2528 3938 Cornelium
2579 3887 2915 3940 Gallicanum

352 3979 564 4027 constat
598 3975 830 4040 legatum
865 3973 1035 4036 fuisse
1063 3978 1386 4041 provinciae
1424 3974 1800 4039 Lugdunensis
1834 3990 1884 4027 α.
1920 3975 2007 4038 83,
2056 3970 2128 4032 cll
2166 3972 2220 4025 C.
2256 3971 2363 4023 XII
2392 3976 2545 4034 2602,
2583 3978 2636 4024 et
2665 3976 2917 4036 [teruisse

351 4065 515 4112 etiam
548 4063 644 4110 sub
688 4060 948 4125 Traiano,
985 4059 1055 4122 cs.
1094 4060 1147 4112 C.
1183 4059 1265 4111 XI
1294 4059 1459 4121 4447).
1495 4089 1563 4097 -
1600 4062 1651 4124 6)
1688 4059 1780 4111 Sic
1811 4063 2084 4124 scriptura
2120 4060 2390 4118 exterior,
2443 4057 2631 4110 Romae
2679 4059 2729 4108 in
2769 4059 2915 4125 Capi-

356 4148 481 4199 tolio
519 4148 767 4213 (reliquis
804 4149 1039 4209 omissis)
1079 4148 1326 4196 interior.

521 4265 695 4336 1998
759 4269 899 4347 imp.
934 4266 1146 4328 Caesar
1190 4267 1305 4326 divi
1338 4266 1675 4345 Vespasiani
1724 4268 1763 4326 f.
1797 4267 2166 4328 Domitianus
2198 4265 2498 4343 Augustus
2530 4264 2916 4328 Germanicus

352 4373 619 4452 pontifex
649 4372 957 4442 maximuS,
1003 4368 1285 4430 tribunic.
1316 4375 1574 4448 potestat
1611 4352 1721 4444 5¹,
1769 4371 1910 4449 imp.
1941 4350 2097 4441 x—X'L
2143 4382 2361 4427 censor
2403 4374 2746 4444 perpetuus,
2794 4386 2913 4431 cos.

349 4457 516 4548 55¹¹,
578 4484 748 4553 pater
791 4473 1049 4552 patriae,
1109 4470 1407 4551 equitibus
1466 4473 1566 4548 qui
1612 4473 1868 4534 militant
1914 4474 1970 4532 in
2020 4470 2125 4531 alis
2170 4477 2450 4547 quattuor
2498 4467 2576 4548 (1)
2613 4456 2659 4528 '1‘
2723 4469 2917 4531 Flavia

352 4576 620 4651 Gemina,
667 4559 809 4653 (2)Ῑ
843 4572 1355 4645 Cannenesatium,
1398 4578 1474 4652 (3)
1521 4576 1544 4636 1
1587 4575 1994 4654 singularium,
2041 4575 2115 4650 (4)
2144 4569 2544 4663 Scubulorum
2562 4568 2602 4642 ⁸,
2649 4581 2709 4632 et
2751 4573 2916 4652 pedi-

353 4679 511 4741 tibus
558 4688 618 4740 et
663 4676 979 4757 equitibus,
1034 4675 1135 4756 qui
1181 4674 1242 4734 in
1290 4679 1633 4739 cohortibus
1677 4679 1879 4738 decem
1927 4685 1987 4737 et
2028 4683 2308 4755 quattuor
2355 4675 2430 4750 (1)
2482 4674 2506 4734 1
2565 4675 2759 4737 Flavia
2806 4674 2918 4736 Da-

352 4799 765 4844 mascenorum
813 4779 1107 4853 milliaria,
1150 4782 1226 4859 (2)
1252 4764 1304 4841 Ῑ
1345 4780 1690 4858 Biturigum,
1736 4782 1811 4857 (3)
1842 4765 1894 4841 ἶ
1925 4780 2241 4854 Thracum,
2286 4781 2360 4858 (4)
2386 4765 2439 4839 ἶ
2485 4779 2916 4859 Aquitanorum
2957 4859 2968 4870 .
