3432 5387
588 376 710 434 148
1732 368 1912 438 Caput
1945 368 2018 423 11.

584 545 942 609 aedificandis
977 544 1161 595 aalma
1197 559 1305 593 esse
1340 546 1583 609 apparet,
1617 541 1713 591 sed
1749 542 1936 592 titulus
1971 543 2175 592 incisus
2208 546 2287 591 est
2313 546 2442 606 post
2474 541 2582 592 Ital.
2618 541 2790 593 Maias
2825 557 2881 592 a.
2917 543 3029 593 505
3068 541 3160 607 (cf.

589 630 658 684 Ν.
682 633 777 683 646
811 634 920 682 not.
946 629 1020 697 4).

758 763 888 834 646
951 767 1046 827 dd.
1105 785 1210 827 nn.
1263 764 1666 826 Diocletianus
1735 774 1794 824 et
1848 763 2233 825 Maximianus
2302 764 2503 825 invicti
2555 762 2566 846 Ι
2617 766 2891 827 seniores
2950 765 3160 846 Augg„

587 879 789 951 patres
818 869 1002 949 impp.
1034 878 1094 929 et
1123 868 1340 940 Caess.‚
1376 876 1435 928 et
1460 862 1470 948 Ι
1495 865 1593 927 dd.
1632 884 1738 926 nn.
1772 865 2155 927 Constantius
2184 875 2245 927 et
2271 865 2660 928 Maximianus
2688 867 2897 928 invicti
2929 868 3162 954 Augg.¹

590 982 650 1034 et
689 969 699 1053 Ι
738 971 1029 1066 Severus'
1071 979 1134 1031 et
1175 968 1563 1031 Maximinus²
1607 966 1958 1029 nobilissimi
2012 966 2290 1030 Caesares
2340 965 2351 1048 Ι
2402 968 2660 1031 thermas
2718 968 2926 1030 felices
2974 962 3165 1054 [Dio]-

587 1090 922 1163 cletianas³‚
968 1107 1115 1168 quas
1141 1083 1153 1170 Ι
1181 1083 1664 1173 [Bsjaximianus⁴
1693 1088 1844 1166 Aug.
1891 1082 2211 1172 re[dien]s⁸
2254 1104 2325 1147 ex
2356 1086 2552 1147 Africa
2594 1085 2707 1148 sub
2733 1082 2742 1171 Ι
2772 1080 3163 1172 [pr]aesentia

589 1186 958 1276 maie[statis]
993 1190 1288 1270 disposuit
1315 1208 1384 1251 ac
1417 1187 1427 1273 Ι
1464 1185 1656 1275 [Πὶεή
1687 1189 1858 1251 iussit
1892 1199 1953 1250 et
1982 1188 2328 1251 Diocletiani
2365 1190 2513 1267 Aug.
2546 1189 2742 1250 fratris
2772 1189 2866 1250 sui
2896 1184 2907 1266 Ι
2935 1188 3160 1249 nomini

589 1294 977 1367 consecravit,
1021 1292 1310 1372 coemptis
1353 1290 1631 1353 aedificiis
1669 1289 1678 1374 Ι
1720 1309 1831 1371 pro
1875 1291 2024 1352 tanti
2068 1291 2268 1370 operis
2312 1290 2720 1370 magnitudine
2750 1290 2922 1352 omni
2956 1290 3115 1351 cultu
3148 1284 3158 1372 Ι

591 1398 886 1477 perfectas
928 1395 1211 1456 Romanis
1253 1394 1376 1455 suis
1418 1393 1857 1455 dedicaverunt.

759 1495 982 1559 Romae,
1018 1496 1304 1560 inscriptio
1339 1495 1670 1545 thermarum
1706 1492 2188 1554 Diocletianarum‚
2225 1508 2364 1559 quae
2397 1492 2611 1543 videtisr
2643 1496 2703 1542 in
2738 1494 2988 1557 ingentis
3016 1490 3160 1540 illius

589 1580 830 1643 aedificii
863 1579 1226 1645 compluribus
1257 1580 1504 1645 partibus
1534 1582 1819 1644 proposita
1854 1576 2051 1639 sin'sse:
2097 1580 2367 1642 integram
2402 1578 2807 1643 inscriptionem
2839 1576 2992 1627 vidit
3022 1575 3160 1626 solus

592 1670 786 1717 auctor
818 1665 1064 1733 syllogae
1096 1664 1453 1715 Einsidlensis
1489 1661 1586 1730 (cll
1609 1679 1780 1729 supra
1806 1679 1866 1729 p.
1889 1664 1962 1715 28
1983 1663 2140 1730 not),
2176 1661 2408 1713 eiusdem
2441 1666 2506 1712 ut
2538 1662 2753 1713 videtur
2786 1662 3012 1728 lapidis,
3048 1676 3161 1711 cina

588 1750 805 1813 fractus
837 1754 984 1815 esset,
1019 1748 1155 1799 duas
1181 1749 1488 1814 particulas
1522 1749 1918 1814 descripserunt
1949 1763 2086 1800 saec.
2110 1745 2241 1799 XVI
2272 1751 2519 1798 auctores
2554 1747 2849 1813 complures
2889 1747 3002 1812 (VI
3020 1747 3157 1807 1150,

587 1838 830 1887 restituit
871 1835 1159 1887 Mommsen
1199 1833 1565 1899 Sitzungsber'.
1611 1833 1709 1884 der
1753 1835 1925 1885 sticlu.
1965 1831 2078 1885 Ges.
2123 1833 2231 1889 der,
2274 1831 2429 1885 W'iss.
2465 1831 2596 1883 4850
2632 1848 2690 1897 p.
2725 1835 2851 1900 508)
2868 1852 2890 1893 ,·
2943 1834 3160 1884 alterius

592 1919 791 1986 lapidis
828 1935 947 1970 cum
984 1919 1165 1969 eadem
1209 1920 1564 1984 inscriptione
1601 1933 1776 1986 nuper
1809 1918 2086 1984 complura
2120 1916 2432 1983 fragmenta
2461 1916 2791 1982 prodierunt
2825 1917 2943 1983 (VI
2958 1933 3015 1983 p.
3037 1919 3161 1979 845;

590 2005 730 2070 Eph-
768 2019 846 2070 ep.
882 2006 930 2069 4,
956 2004 1083 2066 7945
1115 2002 1335 2055 Notizie
1368 2002 1497 2055 4890
1529 2018 1582 2068 p.
1608 2003 1749 2072 485).
1784 2032 1852 2042 —
1895 2004 1941 2066 1)
1981 2001 2190 2053 Titulus
2221 2005 2428 2068 positus
2458 2006 2579 2067 post
2613 2001 2718 2053 kal.
2754 2002 2939 2054 Maias
2975 2018 3024 2054 a.
3047 2003 3158 2066 505,

590 2091 783 2154 quibus
818 2088 1186 2139 Diocletianus
1221 2092 1274 2137 et
1302 2087 1673 2138 Maximianus
1705 2090 1933 2152 imperio
1966 2102 2024 2136 se
2058 2087 2461 2148 abdicaverunt,
2494 2089 2730 2138 seniores
2763 2088 3012 2152 Augusti
3042 2086 3159 2136 inde

587 2174 725 2224 dicti
733 2211 751 2238 ,
795 2177 920 2223 ante
965 2176 1237 2239 acceptum
1284 2175 1537 2222 nuntium
1584 2172 1648 2223 de
1694 2176 1865 2222 morte
1914 2170 2215 2223 Constantii
2262 2171 2509 2232 defuncti
2553 2173 2791 2224 Eboraci
2835 2188 2891 2224 a.
2946 2172 2998 2223 d.
3035 2170 3161 2223 VIII

586 2257 693 2308 kal.
728 2258 872 2323 Aug.
907 2259 1025 2310 506.
1059 2285 1125 2295 —
1163 2259 1215 2322 2)
1250 2257 1438 2309 Severi
1479 2272 1669 2307 nomen
1714 2257 1876 2323 plane
1923 2256 2149 2307 deletum
2196 2261 2274 2307 est
2325 2259 2385 2307 in
2433 2257 2672 2322 exemplo
2708 2273 2886 2323 nuper
2921 2260 3129 2322 reperto

590 2344 649 2392 in
681 2342 960 2408 particula
1001 2342 1233 2408 exempli
1268 2342 1398 2394 olim
1430 2345 1573 2406 noti,
1620 2357 1781 2407 quam
1815 2341 1954 2392 vidit
1988 2341 2248 2407 Smetius,
2291 2341 2476 2394 Severi
2520 2346 2570 2392 et
2602 2341 2899 2393 Maximini
2945 2343 3154 2391 nondna

586 2441 785 2478 rasura
807 2429 1064 2492 temptata
1083 2425 1269 2488 fuisse,
1291 2429 1387 2478 secl
1403 2430 1482 2478 ita
1505 2430 1569 2477 ut
1592 2426 1702 2491 legi
1721 2431 2015 2492 potuerint,
2038 2426 2481 2492 significatur.—
2497 2430 2547 2491 3)
2566 2426 2817 2478 Lacunae
2840 2427 2975 2478 inde
2999 2429 3155 2488 ortae,

591 2511 737 2576 quod
768 2515 963 2562 auctor
994 2510 1239 2579 syllogae
1272 2511 1627 2563 Einsidlensis
1668 2514 1948 2562 aberravit
1989 2528 2022 2561 a
2056 2514 2315 2564 vocabulo
2350 2511 2694 2564 Diocletianus
2730 2512 2804 2562 ad
2835 2510 3150 2570 Diocletiani,

589 2599 810 2662 praeter
826 2612 1033 2663 paucas
1057 2597 1265 2647 litteras
1288 2597 1529 2663 suppleri
1542 2601 1846 2664 potuerunt
1879 2613 1949 2647 ex
1982 2599 2312 2664 apographis
2337 2596 2733 2664 particularum
2768 2599 2934 2648 huius
2968 2596 3153 2663 lapidis

581 2683 977 2748 posterioribus
1024 2685 1076 2732 et
1111 2699 1181 2733 ex
1213 2678 1470 2743 frustulis
1514 2698 1688 2749 nuper
1731 2684 1976 2748 repertis.
2024 2711 2089 2720 -
2127 2685 2180 2744 4)
2213 2683 2541 2736 Maximiani
2573 2699 2765 2736 nomen
2798 2700 3001 2735 rasura
3035 2686 3151 2732 tem-

578 2771 798 2834 ptatum
840 2765 1011 2829 fuisse
1046 2771 1106 2818 in
1135 2767 1414 2834 particula
1450 2767 1677 2834 lapidis,
1729 2783 1890 2833 quam
1933 2768 2095 2833 vidit,
2138 2770 2417 2835 significat
2448 2769 2708 2833 Smetius,·
2751 2772 2810 2820 in
2851 2768 3150 2835 fragmento

586 2866 759 2918 nuper
793 2856 1007 2918 reperto
1044 2852 1262 2904 videtur
1294 2857 1567 2917 integrum
1602 2852 1851 2903 relictum
1887 2869 2010 2905 esse.
2034 2882 2103 2892 -
2128 2858 2181 2918 5)
2216 2870 2270 2907 re
2295 2892 2309 2907 .
2336 2892 2352 2907 .
2376 2893 2390 2907 .
2427 2859 2583 2907 extat
2614 2857 2673 2905 in
2708 2853 2954 2915 frustula
2989 2868 3150 2920 nuper

587 2941 804 3002 reperto
814 2953 836 2999 ‚·
870 2942 1031 2988 antea
1065 2937 1447 3004 suppleverunt
1479 2936 1682 2990 absens.

756 3068 884 3139 647
951 3073 1080 3134 divo
1120 3074 1129 3157 Ι
1169 3074 1246 3134 Μ.
1294 3075 1436 3136 Aur.
1483 3074 1604 3135 Val.
1645 3075 1654 3158 Ι
1695 3076 2048 3139 Maximiano
2088 3077 2098 3161 Ι
2137 3078 2357 3140 seniori
2397 3076 2407 3161 Ι
2448 3123 2712 3140 ......

758 3171 821 3222 In
848 3187 984 3237 agro
1008 3174 1348 3225 Amiternino
1374 3173 1480 3239 (IX
1496 3174 1625 3227 ⁴546
1658 3176 1800 3227 vidit
1820 3176 2079 3245 Dressel).
2104 3206 2169 3215 -
2193 3177 2333 3229 Divo
2358 3178 2696 3230 Maximiano
2734 3177 2921 3229 titulos
2948 3177 3146 3242 positos

589 3271 702 3307 non
729 3262 868 3321 puto
903 3259 1013 3307 nisi
1046 3261 1104 3308 in
1139 3259 1350 3310 dicione
1372 3259 1643 3310 Maxentii
1675 3259 1785 3322 filii
1820 3264 1952 3313 eius.
1988 3291 2056 3301 —
2078 3263 2287 3314 Alatrii
2319 3267 2470 3314 extat
2504 3262 2655 3330 lapis,
2693 3265 2752 3313 in
2789 3278 2909 3329 quo,
2942 3262 3146 3327 praeter

584 3342 994 3407 inscriptionem
1033 3341 1264 3394 Gallieni
1309 3348 1477 3395 totam
1521 3346 1795 3410 abrasam,
1845 3351 2142 3398 cernuntur
2188 3347 2295 3399 duo
2341 3348 2491 3399 tituli
2534 3348 2675 3399 alter
2698 3350 2913 3414 positus
2950 3343 3144 3397 Diocle·

583 3426 737 3476 tiano
774 3430 826 3475 et
850 3425 1186 3478 Maximiano
1223 3431 1373 3491 vivis,
1410 3431 1571 3480 huius
1603 3434 1837 3492 nomine,
1876 3437 1937 3481 ut
1967 3434 2185 3498 passim,
2221 3448 2391 3496 eraso,
2428 3434 2568 3485 alter
2596 3436 2805 3499 positus
2828 3433 2954 3483 divo
2979 3428 3143 3482 Maxi·

580 3512 763 3560 miano
799 3527 832 3561 a
868 3514 1059 3561 senatu
1091 3512 1396 3579 populoque
1429 3514 1731 3566 Aletrinate
1768 3516 1842 3582 (Χ
1871 3518 2049 3583 5803).

752 3643 882 3715 648
948 3649 1212 3728 piissimo
1258 3669 1325 3712 ac
1373 3652 1695 3713 fortissimo
1736 3650 1747 3732 Ι
1785 3653 2085 3714 fundatori
2116 3655 2279 3733 pacis
2316 3653 2325 3737 Ι
2367 3673 2434 3716 ac
2463 3656 2735 3736 publicae
2775 3652 2785 3737 Ι
2823 3651 3100 3716 libertatis
3133 3646 3143 3731 Ι

586 3748 835 3822 auctori,
876 3747 887 3828 Ι
927 3750 982 3810 d.
1033 3768 1091 3811 n.
1124 3751 1321 3814 Flavio
1354 3753 1478 3814 Val.
1506 3750 1517 3831 Ι
1545 3753 1896 3816 Constantio
1937 3751 1947 3836 Ι
1987 3755 2355 3818 nobilissimo
2386 3756 2593 3833 Caes),
2629 3756 2785 3839 {Vah
2817 3757 3143 3819 Honoratus

585 3867 639 3910 v.
687 3868 750 3930 p.
792 3848 802 3931 Ι
841 3859 951 3911 rat.
997 3871 1045 3913 s.
1091 3853 1186 3928 ιη’,
1231 3856 1288 3916 d.
1338 3875 1396 3916 n.
1444 3873 1523 3916 m.
1571 3874 1627 3934 q.
1675 3856 1821 3917 eius.

759 3948 956 4002 Romae
979 3969 1091 4018 rep.
1116 3956 1176 4004 in
1197 3953 1324 4014 foro
1351 3954 1460 4020 (VI
1473 3953 1609 4007 4132
1633 3955 2032 4020 descripserunt
2054 3958 2277 4022 Pighius
2313 3959 2560 4027 aliique).
2596 3989 2662 3998 —
2702 3964 2750 4023 1)
2774 3960 2840 4010 A.
2863 3955 3143 4012 293—305.

587 4062 651 4072 —
682 4036 735 4097 2)
760 4034 863 4086 Vir
881 4034 1304 4102 perfectissimus
1339 4038 1627 4091 rationalis
1648 4055 1887 4091 summae
1910 4044 2006 4093 rei.
2030 4070 2097 4078 —
2122 4043 2324 4094 Eodem
2360 4045 2476 4095 loco
2508 4050 2694 4110 postea
2727 4044 2935 4111 prodiit
2970 4041 3143 4094 tim

588 4118 695 4186 (VI
715 4120 879 4188 4153)
918 4137 1070 4187 quem
1107 4123 1274 4174 eidem
1303 4124 1616 4175 Constantio
1649 4127 1832 4189 posuit
1865 4123 2105 4178 Tacitius
2126 4129 2291 4181 Felix
2324 4144 2372 4179 v.
2402 4144 2462 4194 p.
2492 4128 2833 4196 ratsionalis)
2868 4124 3140 4194 dummoc)

578 4203 905 4273 p(rivatae).

754 4339 882 4410 649
948 4345 1192 4406 domino
1226 4355 1433 4407 nostro
1461 4344 1468 4427 Ι
1498 4347 1560 4408 C.
1593 4347 1791 4408 Flavio
1827 4348 2055 4409 Valerio
2082 4347 2089 4430 Ι
2119 4348 2465 4412 Constantio
2507 4349 2517 4433 Ι
2557 4351 2923 4414 nobilissimo
2956 4343 3140 4426 Cacsl

589 4442 701 4503 col.
750 4444 862 4504 col.
903 4443 914 4527 Ι
954 4445 1062 4506 lul.
1110 4447 1257 4525 Aug.
1307 4448 1463 4509 Sald.
1503 4447 1512 4532 Ι
1552 4449 1805 4529 legionis
1850 4449 1955 4510 vll
1994 4448 2004 4532 Ι
2042 4451 2366 4515 immunis.¹

763 4542 946 4595 Saldis
993 4548 1051 4595 in
1099 4546 1443 4599 Mauretania
1493 4547 1752 4617 (Bougie)
1800 4566 1913 4616 rep.
1959 4549 2203 4616 (Recueil
2246 4553 2310 4603 de
2348 4552 2694 4605 Constantine
2724 4555 2796 4606 23
2826 4571 2882 4620 p.
2916 4554 3053 4621 426).
3084 4575 3143 4586 -

589 4662 653 4796 {er
680 4659 869 4798 zlzoni
903 4662 1147 4715 coloniae
1181 4665 1352 4716 Iuliae
1385 4667 1665 4731 Aug-ustae
1699 4668 2041 4720 Saldensium
2078 4670 2306 4734 legionis
2348 4673 2606 4738 septimae
2651 4675 2934 4736 immunis‚·
2979 4670 3045 4732 cl·
3079 4664 3143 4718 ad
