3432 5387
1286 408 1458 464 Tituli
1492 407 1775 463 militares.
2688 408 2723 466 5
2736 403 2765 460 1
2778 403 2809 459 1

675 599 849 660 quem
897 601 1094 661 neque
1138 583 1441 644 Romanus
1486 583 1679 663 potuit
1723 601 1836 644 nec
1878 580 2164 643 barbarus
2206 598 2467 659 unquam

677 702 795 744 non
843 685 1031 746 iaculo
1078 686 1261 758 miles,
1309 705 1431 746 non
1477 704 1620 746 arcu
1666 686 1903 747 vincere
1950 685 2226 745 Parthus:

675 784 770 845 hic
813 786 979 861 situs,
1025 787 1120 848 hic
1167 788 1410 849 memori
1454 806 1593 849 saxo
1641 806 1769 848 mea
1815 788 1964 848 facta
2008 786 2249 849 sacravi.

678 887 897 948 Viderit
938 907 1094 950 anne
1138 889 1350 968 aliquis
1393 899 1529 969 post
1572 907 1667 950 me
1712 908 1841 950 mea
1885 890 2035 949 facta
2079 897 2381 966 sequatur.

672 988 960 1069 Exemplo
1005 992 1148 1052 mihi
1190 1010 1320 1052 sum
1368 992 1593 1071 primus
1638 991 1741 1070 qui
1786 990 1917 1051 taIIa
1963 989 2136 1069 gessi.

401 1087 670 1138 Incertum
695 1105 798 1154 quo
825 1091 940 1141 loco
965 1092 1048 1142 vel
1070 1092 1281 1157 quando
1307 1092 1589 1158 descripta,
1613 1092 1707 1142 sed
1729 1095 1852 1141 ante
1874 1105 2009 1141 saec.
2037 1088 2140 1140 IX:
2176 1088 2381 1154 legitur
2403 1091 2461 1139 in
2488 1088 2668 1138 codice
2693 1104 2823 1153 quo-

266 1171 391 1221 dam
411 1174 613 1237 scripio
647 1190 782 1226 saec.
808 1175 888 1227 IX
910 1176 1289 1229 Valenciennes
1311 1177 1591 1227 adservato
1627 1180 1682 1226 et
1702 1180 1761 1226 in
1797 1177 1923 1226 aliis
1958 1175 2226 1226 codicibus
2263 1174 2626 1239 compluribus
2658 1173 2823 1223 medii

265 1259 403 1321 aevi,
427 1259 551 1307 item
575 1260 719 1309 inter
742 1261 1119 1326 inscriptiones
1141 1262 1342 1312 Daciae
1364 1264 1422 1312 in
1447 1262 1626 1313 codice
1644 1261 1938 1312 Ferrarini
1954 1259 2227 1326 Regiensis
2248 1275 2381 1311 saec.
2402 1259 2515 1325 XV,
2536 1258 2680 1309 unde
2695 1262 2823 1323 post

270 1343 412 1394 alios
446 1343 733 1394 ediderunt
753 1343 1044 1396 Mommsen
1084 1347 1135 1397 C.
1176 1346 1409 1398 1115676
1445 1346 1516 1407 cll
1549 1363 1602 1413 p.
1626 1347 1757 1398 4042
1770 1366 1791 1409 ,·
1825 1346 1908 1397 Al.
1944 1344 2093 1396 Riese
2127 1345 2329 1397 anthol.
2366 1344 2484 1415 Lat.
2518 1360 2569 1394 n.
2605 1345 2727 1405 66ος
2762 1342 2833 1392 de

265 1428 421 1479 Ποσει·
455 1431 617 1479 inser.
653 1431 764 1481 chr.
792 1430 844 1480 II
876 1431 903 1481 4
939 1447 991 1496 p.
1015 1432 1132 1497 260,
1163 1434 1216 1484 2.
1283 1433 1495 1482 Partem
1530 1434 1902 1497 inscriptionis
1927 1447 2101 1496 prosa,
2134 1434 2377 1481 oratione
2407 1432 2682 1496 scriptam,
2718 1443 2824 1495 qua

265 1529 460 1564 nomen
494 1515 684 1564 militis
715 1519 975 1580 scriptum
1010 1514 1179 1577 fuisse
1208 1517 1508 1582 putandum
1554 1522 1656 1581 est,
1703 1520 1930 1584 apparet
1976 1520 2223 1566 omissam
2270 1532 2378 1565 esse
2424 1532 2457 1566 a
2495 1515 2824 1579 descriptore

268 1591 513 1663 (militis
558 1598 758 1650 Sorani
770 1590 786 1615 '
829 1601 973 1665 quod
1015 1602 1346 1667 adscriptum
1391 1606 1470 1652 est
1513 1604 1572 1653 in
1619 1602 1891 1653 codicibus
1936 1600 2414 1667 Montispessulano
2457 1615 2592 1651 saec.
2629 1598 2735 1650 XII
2774 1602 2827 1647 et

266 1684 563 1734 Parisiensi
605 1700 741 1736 saec.
786 1685 940 1747 XIII,
984 1702 1094 1737 non
1129 1687 1410 1753 intellego,·
1457 1688 1623 1737 militi
1663 1702 1856 1737 nomen
1905 1685 2072 1747 fuisse
2110 1686 2319 1738 Sorano
2367 1701 2476 1736 non
2520 1684 2722 1752 credo).
2757 1712 2822 1721 ——

277 1771 323 1829 1)
359 1767 511 1819 Miles
545 1767 734 1829 fuerat
767 1772 1003 1821 cohortis
1037 1771 1369 1823 Batavorum
1403 1771 1711 1824 milliariae.
1749 1801 1816 1809 —
1853 1774 1902 1832 2)
1941 1769 2020 1832 Cf.
2059 1773 2163 1822 Dio
2196 1774 2276 1835 69,
2308 1774 2356 1823 9.

439 1870 609 1939 2559
675 1874 971 1937 Marcinus
1029 1877 1331 1959 Surjconis
1387 1878 1426 1937 s.
1473 1876 1768 1950 Breuem,
1819 1875 1828 1958 Ι
1869 1875 1990 1936 mil.
2039 1896 2107 1937 ex
2154 1878 2284 1938 coh.
2333 1876 2463 1936 VIII
2502 1872 2513 1954 Ι
2567 1874 2824 1949 Breuc.¹‚

267 1993 413 2035 ann.
457 1973 681 2047 XXXV,
723 1973 732 2057 Ι
772 1978 908 2056 stip.
952 1977 1078 2049 XII,
1125 1980 1183 2040 h.
1230 2000 1276 2041 S.
1325 1999 1376 2041 e.

448 2076 583 2126 Olim
611 2076 829 2139 Cliviae,
867 2079 924 2126 in
939 2093 1088 2143 pago
1113 2080 1305 2130 Birten
1341 2080 1621 2130 dicebatur
1644 2082 1875 2144 reperta,
1910 2093 2055 2128 nunc
2078 2077 2299 2129 Bonnae
2336 2076 2664 2143 (Brambaclt
2686 2076 2826 2142 459).

265 2187 339 2198 —
389 2163 437 2223 1)
482 2161 733 2212 Eiusdem
777 2164 1013 2214 cohortis
1058 2165 1200 2214 alius
1244 2165 1391 2215 miles
1436 2165 1671 2230 sepultus
1716 2167 1795 2213 est
1842 2161 2094 2215 Coloniae
2134 2164 2474 2229 Agrippinae
2521 2162 2637 2229 (Br.
2671 2162 2826 2222 232).

265 2246 548 2296 Praeterea
570 2247 634 2296 de
650 2250 753 2298 hac
770 2250 985 2298 cohorte
1001 2250 1141 2300 nihil
1163 2252 1414 2301 innotuit.
1459 2249 1639 2316 (Aliae
1664 2250 1906 2300 cohortes
1923 2250 2253 2299 Breucorum
2278 2253 2645 2299 memorantur
2660 2263 2827 2312 supra

273 2329 340 2382 Ν.
361 2332 479 2382 375.
505 2330 652 2386 4550.
679 2331 823 2384 4574.
859 2333 1009 2385 4598.
1029 2336 1185 2387 2002.
1208 2336 1361 2396 2005,
1386 2333 1537 2395 infra
1562 2333 1630 2387 Ν.
1654 2336 1806 2400 2608,
1829 2339 1881 2383 et
1904 2334 2053 2394 alibi,
2080 2332 2151 2394 cf.
2178 2332 2280 2384 Mo.
2308 2334 2421 2399 eph.
2451 2349 2527 2399 ep.
2552 2337 2585 2385 ὅ
2607 2350 2659 2399 p.
2684 2333 2827 2397 482).

441 2434 612 2504 2560
677 2439 732 2498 d.
778 2458 855 2499 m.
896 2436 905 2520 Ι
947 2439 1240 2518 (3313νίςηί
1283 2441 1291 2517 Ι
1346 2440 1597 2519 lvomagi
1643 2440 1718 2513 s.‚
1768 2438 1778 2517 Ι
1817 2439 1985 2499 militi
2030 2438 2160 2500 coh.
2200 2441 2212 2519 Ι
2262 2439 2340 2498 111
2386 2437 2828 2521 Britanlnorum

268 2550 310 2599 Υ
364 2539 576 2611 Gesnfi,
617 2537 627 2620 Ι
666 2539 776 2600 va.
823 2558 960 2600 ann.
1007 2539 1178 2613 XXV,
1220 2539 1229 2623 Ι
1269 2542 1361 2602 sti.
1396 2542 1488 2615 vl,
1534 2538 1844 2621 exerci1tus
1874 2541 2096 2600 Raetici
2112 2541 2147 2614 ¹,
2188 2540 2198 2620 Ι
2237 2540 2527 2603 Paternus
2566 2542 2574 2618 Ι
2614 2542 2671 2600 h.
2703 2541 2743 2600 s.
2775 2559 2828 2601 c.

270 2640 281 2725 Ι
333 2641 718 2703 commilitoni
757 2640 766 2724 Ι
807 2642 1126 2704 carissime.

446 2742 612 2793 Cunei
647 2741 731 2809 (V
755 2741 880 2793 7747
925 2744 1061 2793 vidit
1095 2742 1424 2810 Mommsen).
1461 2773 1524 2781 —
1568 2746 1612 2806 1)
1652 2743 1851 2795 Cohors
1896 2746 2056 2793 teriia
2094 2743 2482 2793 Britannorum
2528 2747 2833 2793 recensetur

269 2831 417 2878 inter
455 2828 668 2877 aua-ilia
704 2831 976 2877 excercitus
1010 2826 1219 2879 Raetici
1253 2847 1303 2880 a.
1339 2828 1434 2880 407
1471 2829 1661 2894 (supra
1696 2827 1763 2879 JV.
1799 2829 1961 2896 2002)
1998 2834 2053 2879 et
2088 2848 2135 2881 a.
2173 2831 2266 2881 466
2300 2827 2396 2891 (cll
2434 2830 2501 2879 ib.
2538 2833 2645 2878 not.
2680 2830 2758 2891 5).

443 2948 609 3018 2561
678 2952 914 3014 Dassius
959 2926 2821 3033 DnjctorssfiLlhmsei——WWW
2818 2945 2826 3031 Ι

268 3073 368 3114 an.
416 3051 618 3112 XXXV
661 3053 753 3114 sti.
794 3051 803 3135 Ι
842 3052 989 3126 XVI,
1035 3053 1094 3113 h.
1140 3075 1186 3116 s.
1234 3074 1285 3115 e.

443 3154 614 3219 Aquis
649 3153 923 3205 Mattiacis
959 3154 1329 3222 (Wiesbaden)
1370 3154 1693 3221 (Brambach
1728 3157 1900 3219 4548).
1933 3185 2003 3193 -
2039 3157 2089 3220 1)
2125 3154 2351 3206 Maezeii
2385 3155 2487 3216 (sic
2518 3152 2833 3218 plerumque

266 3240 549 3303 scribitur)
581 3238 814 3304 populus
847 3239 1165 3293 Dalmatiae.

443 3357 615 3428 2562
681 3370 1047 3433 (sagittarius)
1097 3362 1392 3424 MonImus
1430 3358 1440 3443 Ι
1479 3323 1791 3423 IeroInbali
1836 3363 1895 3435 f.‚
1936 3359 1946 3444 Ι
1985 3362 2106 3423 mil.
2152 3362 2315 3422 chor.
2349 3360 2374 3420 I
2412 3361 2422 3442 Ι
2462 3359 2767 3432 ΙῑυΓ3θοΓ.,
2818 3360 2824 3437 Ι

272 3484 416 3526 ann.
461 3464 526 3536 L,
573 3464 709 3543 stip.
754 3463 907 3538 XXI,
946 3462 956 3545 Ι
995 3464 1053 3524 h.
1098 3485 1146 3524 S.
1193 3474 1299 3525 est.

443 3566 781 3631 Moguniiaci
816 3564 1140 3629 (Brambacli
1176 3565 1310 3616 4254
1343 3567 1519 3630 vidit).

273 3641 2831 3750 W

272 3776 430 3835 dom.
472 3771 483 3853 Ι
519 3773 682 3834 Luco
731 3778 899 3850 Aug„
943 3772 1004 3832 h.
1049 3773 1088 3832 f.
1136 3792 1188 3832 c.
1230 3769 1238 3850 Ι
1279 3771 1350 3831 H.
1396 3793 1439 3833 s.
1488 3791 1539 3832 e.

450 3874 510 3923 In
546 3872 822 3924 Dalmatia
847 3888 1019 3939 prope
1063 3871 1250 3938 Teiju
1288 3872 1398 3937 (III
1417 3872 1472 3924 S.
1494 3875 1628 3925 9834
1658 3873 1929 3924 Bormann
1963 3873 2102 3922 vidit
2135 3872 2426 3939 ectypum).
2452 3898 2512 3907 —-
2555 3871 2602 3932 1)
2626 3867 2833 3918 Nomen

272 3964 330 4010 in
370 3959 542 4010 titulis
579 3959 897 4022 Hispaniae,
934 3956 1077 4007 unde
1114 3960 1378 4021 originem
1425 3958 1588 4008 dua-it
1619 3958 1843 4022 Flavos,
1889 3961 2102 4024 saepius
2148 3958 2374 4008 obvium.
2421 3984 2485 3993 -
2532 3956 2583 4016 2)
2634 3954 2832 4004 Cohors

266 4046 451 4109 prima
486 4043 823 4107 Lucensium,
858 4044 1078 4093 testibus
1112 4044 1211 4093 hoc
1245 4046 1299 4092 et
1321 4044 1443 4093 aliis
1467 4043 1740 4094 nonnullis
1774 4043 1960 4107 titulis,
1993 4059 2131 4094 saec.
2161 4058 2217 4109 p.
2257 4042 2376 4094 Chr.
2408 4042 2586 4105 primo
2622 4038 2837 4087 videtur

274 4128 558 4179 tetendisse
593 4131 650 4177 in
674 4127 971 4189 Dalmatia,
1008 4126 1076 4188 cll
1107 4126 1414 4188 Hirschfeld
1437 4128 1489 4180 C.
1515 4129 1598 4179 III
1632 4129 1685 4181 S.
1716 4144 1773 4194 p.
1797 4129 1947 4189 44763
1982 4145 2033 4178 a.
2067 4129 2133 4178 80
2167 4129 2277 4176 iam
2311 4125 2420 4185 fuit
2455 4127 2515 4174 in
2551 4123 2831 4174 Pannonia

277 4212 479 4280 (dipl.).
550 4211 630 4262 De
668 4215 886 4263 cohorte
922 4217 1109 4278 quinta
1145 4213 1467 4265 Lucensium
1503 4219 1554 4263 et
1590 4215 1955 4266 Callaecorum
1993 4212 2062 4274 cs.
2099 4228 2263 4278 supra
2300 4209 2369 4261 N.
2402 4210 2547 4261 4987.
2581 4206 2731 4266 4997,
2768 4205 2833 4255 de

276 4299 405 4349 aliis
439 4299 744 4348 cohortibus
778 4296 1096 4349 Lucensium
1133 4298 1221 4350 Mo
1258 4301 1373 4365 eplz.
1406 4304 1441 4352 ὅ
1473 4316 1526 4365 p.
1563 4300 1673 4351 469.

279 4505 556 4566 niorum²
593 4501 603 4585 Ι
641 4519 676 4564 Υ
727 4504 907 4580 Bassi,
952 4506 1168 4585 stipen.
1214 4505 1291 4566 XI
1330 4504 1340 4588 Ι
1380 4524 1518 4567 ann.
1566 4506 1794 4579 XXXII,
1836 4503 1846 4588 Ι
1885 4506 1943 4565 h.
1988 4525 2035 4566 s.
2082 4522 2133 4564 e.

448 4605 733 4670 Aquileiae
775 4622 885 4671 rep.
935 4605 1016 4670 (V
1051 4608 1152 4657 885
1197 4608 1276 4656 bis
1320 4606 1629 4673 descripta).
1680 4634 1748 4643 —
1810 4607 1857 4670 1)
1907 4604 2148 4670 Menapii
2183 4600 2419 4669 populus
2462 4600 2727 4664 Belgicae.
2763 4627 2830 4635 -

279 4693 309 4742 2
374 4690 671 4756 Epitaphia
706 4691 936 4740 militum
973 4692 1210 4741 cohortis
1243 4694 1452 4757 primae
1488 4694 1892 4743 Pannoniorum
1926 4693 2211 4757 praeterea
2248 4687 2576 4754 prodierunt
2608 4687 2669 4734 in
2706 4682 2834 4734 Ger-

277 4791 459 4827 mania
494 4778 772 4841 superiore
809 4774 1133 4841 (Brambach
1165 4777 1276 4829 740.
1307 4779 1420 4830 743.
1456 4777 1626 4841 4549).
