3432 5387
994 433 1170 490 Tituli
1204 432 1442 488 virorum
1478 437 1533 488 et
1566 432 1853 489 mulierum
1890 434 2095 488 ordinis
2131 433 2410 489 senatorii.
2867 434 2988 492 267

416 608 701 673 praeterea
738 605 834 654 vix
867 607 1222 653 memoratum
1259 600 1517 668 (sortasse
1551 602 1699 666 apud
1742 603 2018 654 Zosimum
2052 604 2099 664 7,
2132 606 2190 670 9)
2207 620 2230 665 ,·
2263 601 2334 664 cs.
2372 603 2476 655 Mo.
2514 603 2549 656 l.
2585 620 2630 655 o.
2672 619 2724 669 p.
2759 606 2879 657 309.
2923 633 2991 643 -

425 692 478 753 4)
516 690 660 740 Idem
693 703 889 738 munus
922 688 1068 753 quod
1100 688 1234 738 alibi
1268 688 1468 738 dicitw·
1501 688 1699 738 vicarii
1731 688 1883 738 urbis
1917 686 2130 739 Romae.
2155 716 2222 725 —
2257 690 2307 753 5)
2342 689 2612 739 Dioecen's
2647 687 2991 749 Moesiarum,

424 778 557 825 nota
592 776 753 824 etiam
778 788 849 823 σω
872 772 1130 823 laterculo
1164 774 1573 836 provinciarum
1599 772 1910 835 Veronensi,
1938 778 2131 838 postea
2150 773 2326 824 divisa
2348 777 2410 824 in
2435 774 2587 835 duas,
2622 772 2992 827 Macedoniam

425 862 477 908 et
499 858 727 909 Daciam
753 856 884 922 (Mo.
920 857 952 907 l.
980 872 1023 908 c.
1057 873 1109 922 p.
1133 857 1276 922 346).
1312 886 1378 894 -
1416 860 1465 918 6)
1501 856 1947 909 Eaeammaeorem
1984 858 2336 909 Mommsenus
2368 876 2428 909 re
2463 876 2569 911 non
2607 860 2799 924 differe
2830 866 2992 927 putat

427 945 493 994 ab
530 948 782 994 exactore
816 945 942 993 auri
974 948 1024 992 et
1059 946 1276 1007 argenti
1306 946 1598 993 memorato
1634 944 1694 992 in
1732 943 1890 993 titulo
1926 945 2086 994 huius
2122 945 2338 1009 aequali
2372 943 2439 997 Ν.
2465 945 2610 997 4246.
2645 974 2711 982 —-
2755 949 2807 1009 7)
2843 945 2989 997 Idem

429 1026 674 1091 officium
719 1028 867 1093 quod
891 1032 1075 1093 postea
1111 1027 1391 1078 dicebatur
1426 1029 1637 1077 comitis
1668 1043 1852 1077 rerum
1886 1030 2245 1101 privatarum.
2271 1057 2339 1067 —
2365 1031 2415 1092 8)
2450 1030 2530 1079 De
2566 1033 2648 1082 his
2681 1034 2993 1082 muneribus

426 1117 708 1179 praeterea
744 1128 852 1163 non
888 1114 1195 1163 memoratis
1217 1114 1340 1163 vide
1364 1114 1758 1163 observationes
1781 1112 2109 1165 Mommseni.
2135 1143 2196 1152 -
2226 1115 2278 1178 9)
2303 1114 2482 1165 Insere
2505 1115 2678 1168 sacriS.
2707 1144 2767 1153 —
2802 1119 2883 1179 10)
2913 1114 2995 1176 Cf.

429 1195 583 1258 infra
619 1197 684 1249 Ν.
713 1200 859 1250 4485.

600 1296 769 1367 1215
837 1299 897 1360 C.
947 1298 1139 1360 Caelio
1185 1300 1509 1360 Saturnino
1562 1318 1613 1359 v.
1661 1318 1745 1375 c.‚
1787 1296 1797 1382 Ι
1850 1303 2150 1380 praesecto
2204 1302 2550 1382 praetorio¹,
2593 1301 2601 1383 Ι
2657 1302 2717 1363 C.
2767 1302 2997 1364 Caelius

431 1403 709 1465 Urbanus
750 1422 803 1463 v.
851 1421 903 1462 c.
943 1401 954 1483 Ι
995 1401 1324 1463 consularis
1361 1400 1370 1483 Ι
1413 1403 1566 1481 patri
1608 1404 1825 1481 posuit.

599 1503 797 1555 Romae
822 1518 933 1568 rep.
959 1502 1139 1552 eodem
1161 1501 1280 1563 fere
1305 1502 1419 1553 loeo
1444 1505 1537 1553 ubi
1560 1502 1628 1553 Ν.
1653 1504 1801 1569 4244,
1833 1508 2015 1569 postea
2041 1507 2097 1554 in
2124 1506 2280 1555 vinea
2316 1504 2549 1571 quadam
2585 1507 2745 1554 extra
2780 1507 2994 1567 portam

430 1590 761 1641 Flaminiam
798 1587 906 1653 (VI
934 1587 1061 1638 4705
1096 1587 1235 1637 vidit
1269 1587 1332 1637 de
1369 1586 1565 1654 Ros-ei).
1603 1616 1665 1625 —
1708 1591 1755 1652 1)
1793 1589 1934 1639 Idem
1984 1593 2061 1638 ert
2105 1591 2201 1654 qui
2239 1604 2432 1654 supra,
2479 1589 2553 1639 ad
2591 1587 2995 1655 praefecturam

428 1677 835 1741 praetorianam
867 1677 1162 1737 promotus.

458 1770 1235 1777 ———--—.-—-——-*.--—.-.-fl.
1246 1770 1744 1776 m

602 1807 779 1879 1216
845 1810 906 1871 C.
940 1811 1134 1872 Caelio
1170 1809 1516 1892 Censorilno
1560 1830 1612 1871 V.
1651 1812 1748 1884 c.¹‚
1793 1820 1979 1890 praet.
2029 1809 2373 1894 candildato,
2420 1831 2608 1885 cons.,
2654 1829 2778 1873 cur.
2824 1806 2994 1891 viae}

434 1915 711 1986 Latinae,
758 1932 883 1975 cur.
929 1931 1052 1993 reg.
1101 1912 1257 1987 vl12,
1298 1912 1306 1994 Ι
1348 1932 1474 1974 cur.
1522 1913 1865 1993 splendidae
1912 1910 2285 1996 Carithagin„
2338 1914 2538 1975 comiti
2584 1914 2640 1973 d.
2688 1932 2748 1973 n.
2790 1910 2799 1994 Ι
2841 1912 2996 1973 Con·

431 2018 673 2079 stantini
704 2015 941 2077 maximi
973 2015 1122 2094 Aug.
1163 2011 1174 2097 Ι
1213 2024 1272 2075 et
1314 2015 1575 2077 exactori
1620 2017 1749 2076 auri
1795 2028 1853 2077 et
1897 2015 2143 2101 argenlti
2174 2016 2612 2096 provinciarum
2645 2014 2782 2088 111³,
2829 2033 2997 2076 cons.

431 2118 717 2201 prolvinc.
766 2118 945 2191 Sicil.,
991 2136 1157 2178 conS.
1207 2118 1429 2197 Camp.,
1481 2128 1649 2178 aucta
1701 2116 1712 2198 Ι
1765 2120 1823 2179 in
1881 2120 2093 2181 melius
2137 2120 2366 2180 civitate
2411 2137 2515 2179 sua
2562 2128 2620 2178 et
2663 2114 2999 2197 reforlmata

434 2223 581 2284 ordo
629 2220 1005 2301 populusque
1051 2218 1371 2280 Atellanus.
1461 2219 1526 2279 L.
1573 2220 1628 2279 d.
1675 2240 1722 2280 S.
1771 2239 1820 2280 c.

604 2323 668 2373 In
703 2323 821 2371 vico
850 2319 1049 2370 Grumo
1085 2321 1228 2368 inter
1252 2317 1533 2384 Neapolim
1558 2324 1610 2369 et
1637 2320 1891 2385 Capuam,
1925 2326 2131 2387 spectat
2155 2322 2228 2372 ad
2251 2326 2480 2372 veterem
2501 2320 2734 2372 Atellam
2763 2318 2839 2384 (X
2856 2319 2998 2372 3732

430 2411 646 2475 praeter
672 2420 878 2472 paucas
914 2404 1120 2453 litteras
1155 2404 1411 2455 evanidas
1447 2405 1729 2470 descripsit
1761 2405 1825 2455 de
1854 2406 2052 2474 Petra).
2077 2434 2142 2443 —-
2170 2409 2220 2469 1)
2247 2406 2504 2458 Diversus
2535 2410 2611 2455 est
2636 2406 2847 2457 Caelius
2873 2403 3001 2455 Con-

431 2494 648 2543 cor-inus
683 2494 1006 2541 memoratus
1041 2488 1345 2541 V1112246.
1384 2518 1446 2526 -
1486 2490 1536 2551 2)
1574 2488 1667 2540 Sic
1713 2492 2031 2556 apographa
2069 2491 2329 2541 nonnulla
2365 2489 2516 2551 s'acta
2552 2491 2766 2542 saeculo
2805 2490 2998 2551 XVIII,

433 2582 575 2628 recte
616 2580 680 2626 ut
725 2574 971 2637 videtur-,-
1006 2573 1076 2635 cll
1110 2591 1277 2639 supra
1312 2572 1380 2625 Ν.
1404 2574 1536 2624 4209
1570 2578 1678 2624 not.
1704 2574 1751 2624 4.
1789 2602 1854 2612 -
1892 2579 1944 2637 3)
1982 2577 2062 2626 De
2096 2592 2316 2626 munere
2350 2578 2622 2627 eaeactorie
2658 2574 2728 2636 cll
2765 2575 2833 2629 Ν.
2871 2576 2999 2627 4244

434 2667 543 2714 not.
579 2665 627 2715 6.
704 2659 830 2711 Tres
861 2661 1180 2726 provinciae
1214 2658 1466 2710 videnlur
1503 2674 1609 2708 esse
1647 2657 1852 2721 Sicilia,
1891 2658 2167 2722 Sardinia,
2207 2661 2438 2713 Corsica.

607 2834 777 2906 1217
844 2840 905 2901 C.
954 2841 1143 2905 Vettio
1205 2847 1472 2908 Cossinio
1535 2846 1784 2907 Rufino¹
1843 2864 1894 2905 c.
1941 2863 2026 2918 v.,
2077 2841 2088 2924 Ι
2139 2841 2441 2921 praefecto
2494 2837 2680 2911 urbi',
2739 2837 2940 2898 comiti
2988 2831 2995 2915 Ι

433 2943 621 3020 Augg·
669 2960 795 3014 nn.,
842 2961 995 3004 corr.
1042 2946 1264 3028 Camp.‚
1325 2967 1481 3009 corr.
1523 2946 1533 3032 Ι
1573 2947 1822 3009 Tusciae
1867 2955 1925 3007 et
1974 2944 2275 3017 Umbriae,
2314 2951 2325 3025 Ι
2365 2960 2522 3003 corr.
2570 2942 2833 3002 Venitiae
2873 2944 2999 3011 (sic)

436 3052 495 3105 et
521 3042 795 3116 Histriae,
842 3063 966 3107 cur.
1009 3049 1153 3109 alvei
1193 3050 1202 3125 Ι
1242 3051 1475 3114 Tiberis
1520 3062 1578 3112 et
1622 3051 1955 3112 cloacarum
2003 3065 2202 3109 sacrae
2249 3044 2435 3117 urbiS,
2478 3042 2487 3125 Ι
2527 3062 2654 3104 cur.
2698 3043 2823 3104 viae
2868 3043 3000 3104 Fla·

435 3145 671 3217 miniae,
717 3148 1057 3224 proconsuli
1104 3148 1460 3234 prolvinciae
1492 3154 1742 3214 Achaiae
1778 3151 2008 3222 sortito,
2058 3149 2325 3229 pontifici
2370 3147 2461 3207 dei
2502 3143 2510 3227 Ι
2553 3145 2726 3217 Solis,
2771 3146 2999 3225 auguri,

436 3247 578 3308 salio
628 3246 922 3323 Palatino,
981 3251 1129 3312 ordo
1174 3252 1566 3336 polpulusque
1611 3255 1844 3328 Atinas,
1895 3255 2053 3334 quod
2104 3253 2163 3313 in
2211 3260 2552 3311 correctura
2593 3244 2602 3328 Ι
2642 3248 2801 3321 eius,
2850 3265 3001 3326 quae

436 3351 793 3413 sevissimam
843 3354 968 3425 (ete)
1018 3352 1438 3438 tyrz1n1nidem³
1486 3358 1838 3431 incurrerat,
1900 3355 2119 3416 nullam
2173 3353 2183 3436 Ι
2235 3352 2513 3414 iniuriam
2569 3349 2940 3422 sustinuerit,
2989 3347 2997 3429 Ι

435 3463 691 3531 patrono
737 3458 1101 3538 dignissima

607 3556 802 3607 Atinae
838 3558 917 3623 (X
941 3560 1070 3611 3064
1107 3560 1247 3609 vidit
1278 3557 1607 3624 Mommsen).
1657 3586 1724 3595 —-
1778 3561 1826 3620 1)
1860 3559 1941 3608 Ab
1991 3558 2171 3608 eodem
2207 3557 2421 3606 homine
2453 3555 2661 3620 positus
2697 3555 2775 3601 est
2809 3551 3000 3601 titulus

688 3741 1129 3748 ——--————-—-—-—-—
1184 3736 2828 3748 -—·—-——-———————-——————--.-—-m-·—.————————

609 3796 779 3867 1218
842 3799 908 3860 L.
956 3800 1182 3861 Nonius
1228 3800 1413 3860 Verus
1472 3818 1525 3859 v.
1572 3801 1784 3874 cons.¹,
1837 3798 1928 3860 bis
1980 3797 2275 3870 correct.²,
2331 3796 2576 3876 Apuliae
2621 3803 2681 3856 et
2725 3793 2941 3866 Calab.,
2990 3789 2997 3873 Ι

439 3900 817 3963 venetiarum
872 3911 932 3962 et
976 3902 1205 3975 Istriae,
1263 3921 1494 3977 comes,
1554 3912 1844 3983 patronus
1886 3900 2312 3961 Mutinensium
2359 3899 2687 3978 Aquileien.
2729 3897 2739 3978 Ι
2777 3896 3003 3957 Brixia·

439 4023 656 4065 norum
704 4014 762 4066 et
806 4005 1215 4066 universarum
1277 4005 1517 4065 urbium
1563 4005 1808 4085 Apuliae
1855 4002 2301 4080 Calabriaeque,
2355 4000 2366 4081 Ι
2405 4001 2663 4062 Viniciae
2707 3998 3003 4059 Marciaue

439 4124 492 4167 c.
540 4108 615 4180 12,
673 4107 753 4168 fil.
802 4106 1113 4168 Caeciliani
1161 4126 1218 4184 p.
1264 4107 1360 4176 v.³,
1421 4107 1513 4169 bis
1560 4106 1818 4178 ration.⁴,
1857 4104 1867 4187 Ι
1908 4104 2071 4166 urbis
2116 4104 2336 4165 Romae
2390 4113 2448 4164 et
2490 4102 2753 4173 Africae,
2810 4117 3002 4179 praes.

442 4208 798 4278 Lusitaniae,
831 4227 985 4270 corr.
1019 4209 1188 4288 Apul.
1223 4218 1280 4269 et
1312 4208 1534 4281 Calah„
1568 4209 1676 4269 vic.
1713 4208 1899 4287 praes.
1933 4224 2042 4286 per
2072 4205 2242 4278 Ital.⁸,
2283 4203 2293 4286 Ι
2333 4204 2571 4283 coniugi
2602 4202 3004 4265 sanctissimae

439 4328 508 4370 ac
565 4307 1059 4389 benignissimae,
1116 4311 1285 4372 cuius
1340 4311 1455 4371 vita
1515 4328 1748 4370 morum
1789 4309 1798 4390 Ι
1837 4310 2229 4386 studiorumq.
2290 4306 2561 4368 laudibus
2613 4316 2672 4366 et
2715 4302 3005 4364 universis

440 4411 720 4473 virtutum
752 4413 931 4473 animi
966 4423 1084 4473 tam
1116 4413 1270 4474 clara
1309 4410 1322 4493 Ι
1361 4412 1599 4485 exstitit,
1644 4420 1712 4471 ut
1743 4410 2104 4472 admirabilia
2134 4409 2348 4469 veteris
2383 4406 2693 4486 probitatis
2737 4404 3003 4483 exempla

440 4513 753 4593 superarit,
793 4513 804 4595 Ι
844 4533 961 4594 quo
1007 4514 1218 4575 merito
1265 4515 1655 4593 omniumque
1695 4514 1911 4575 iudicio
1949 4511 2230 4592 singulari
2261 4508 2579 4589 praeconio
2619 4508 2630 4590 Ι
2669 4508 3003 4570 inlustrium

439 4623 839 4677 matronarum
885 4618 1067 4677 decus
1111 4626 1589 4695 ornamentumq.
1637 4626 1727 4677 est
1771 4615 1945 4677 abita.

612 4715 881 4777 Mutinae,
934 4718 1298 4782 sarcophagus
1354 4714 1455 4782 (XI
1500 4716 1599 4769 834
1660 4717 1799 4766 vidit
1838 4715 2158 4781 Bor-mann).
2205 4743 2268 4750 —
2319 4713 2369 4774 1)
2415 4710 2516 4762 Vir
2572 4710 2889 4762 consularis.
2937 4738 3005 4747 —

443 4800 495 4861 2)
533 4798 818 4851 Cor-rector
851 4799 965 4860 fuit
999 4803 1094 4862 his,
1138 4801 1369 4866 Apuliae
1412 4805 1466 4850 et
1501 4799 1784 4851 Calabriae
1827 4799 1945 4866 (sub
1986 4799 2361 4862 Constantino,
2404 4800 2548 4848 inter
2581 4812 2750 4848 annos
2782 4796 3008 4861 3471326
