3432 5387
907 343 1080 398 Tituli
1124 334 1510 413 imperatorum
1549 343 1846 411 domusque
1880 340 2283 413 imperatoriae.
2756 339 2876 397 155

288 516 552 567 Faustae
584 515 917 567 Maximiani
949 514 1099 577 filiae
1135 514 1211 589 (a.
1244 516 1397 583 507),
1439 518 1686 566 manente
1721 514 2010 566 eoncordia
2044 517 2191 564 inter
2224 513 2622 565 Maximianum
2656 519 2712 565 et
2744 513 2877 566 Con-

283 604 642 664 stantinum5
674 604 793 651 sine
828 601 991 652 dubio
1025 603 1231 651 incisus
1264 605 1343 651 est
1385 605 1510 652 ante
1553 604 1778 651 mortem
1813 599 2140 650 Maximiani
2188 597 2261 664 (a.
2296 598 2452 667 540),
2498 614 2603 664 quo
2645 602 2881 666 tempore

285 700 508 737 nomen
543 689 656 737 eius
688 702 884 738 rursus
916 703 986 737 ex
1020 687 1121 737 Ιιοσ
1154 688 1271 752 ipso
1307 686 1463 737 timeo
1499 685 1768 735 sublatum
1804 689 1883 752 est
1915 682 2012 750 (ef.
2048 699 2216 749 supra
2249 683 2319 736 Ν.
2352 685 2454 736 650
2488 688 2599 735 not.
2621 685 2698 751 4).

481 821 611 892 685
678 823 1071 887 Constantino
1111 821 1122 907 Ι
1159 822 1355 885 fidem.
2770 898 2774 903 Ι

486 925 552 975 In
588 924 769 975 anulis
803 926 987 974 aureis
1019 927 1212 987 magni
1245 923 1480 987 moduli,
1527 924 1622 989 qui
1654 924 1888 989 reperiri
1918 922 2094 973 solent
2118 924 2457 987 potissimum
2492 924 2551 971 in
2594 921 2881 973 Germania

299 1009 510 1074 (anim
530 1012 714 1073 imago
740 1012 818 1058 est
839 1006 937 1059 1112.
959 1009 1144 1060 Jahrb.
1167 1010 1251 1071 75,
1286 1010 1420 1061 4882
1441 1025 1494 1074 p.
1516 1009 1600 1072 84,
1626 1011 1910 1073 praeterea
1934 1007 2236 1058 Brambaeh
2259 1006 2359 1058 492
2366 1025 2388 1070 ,·
2423 1005 2883 1073 Korrespondenz-

299 1094 467 1146 matt
501 1095 598 1145 der
637 1094 838 1146 Westd.
873 1093 1138 1145 zeitschr.
1179 1092 1206 1143 1
1229 1109 1288 1158 p.
1321 1095 1410 1156 55,
1446 1092 1530 1143 111
1557 1108 1613 1158 p.
1647 1093 1767 1159 52),
1811 1106 1954 1142 unus
1997 1108 2110 1157 rep.
2146 1096 2226 1141 est
2259 1090 2452 1142 Sirmii
2487 1091 2597 1158 (111
2625 1093 2770 1155 6049,
2806 1092 2880 1160 4).

486 1229 617 1300 686
683 1251 839 1312 pons
882 1232 1058 1293 Mulvi
1077 1233 1114 1305 ¹,
1155 1228 1164 1311 Ι
1205 1230 1496 1311 expeditio
1538 1228 1548 1312 Ι
1585 1230 1960 1309 imperatoris
1998 1227 2007 1312 Ι
2048 1223 2533 1315 [Co]n[stantini].

487 1332 781 1385 Caesareae
803 1330 1177 1382 Mauretaniae
1202 1329 1385 1396 (hodie
1410 1329 1688 1397 Charchel)
1725 1346 1856 1397 rep„
1889 1327 2259 1396 fragmentum
2284 1330 2498 1381 tabulae
2523 1330 2688 1395 (VIII
2704 1328 2885 1393 9336),

307 1420 375 1468 in
400 1434 511 1484 qua
534 1418 880 1484 scariphatae
901 1420 1058 1467 erant
1079 1418 1268 1466 variae
1288 1431 1376 1467 res
1399 1415 1471 1466 ad
1501 1416 1831 1481 triumphum
1857 1414 2199 1467 Constantini
2214 1421 2341 1481 post
2374 1415 2640 1466 devictum
2663 1415 2888 1466 Maxen-

305 1507 451 1554 tium
482 1504 811 1567 pertinentes
847 1501 1162 1568 (supersunt
1192 1503 1301 1550 viri
1325 1499 1575 1565 laureati,
1608 1516 1751 1551 unus
1786 1516 1905 1552 eum
1940 1516 2093 1552 ramo
2118 1501 2266 1552 oleae
2276 1520 2296 1563 ;
2330 1500 2431 1551 alii
2463 1502 2575 1551 viri
2604 1504 2885 1565 portantes

307 1591 612 1654 imaginem
639 1590 843 1653 pontis,
872 1602 972 1651 per
1007 1601 1162 1652 quem
1198 1589 1477 1636 transeunt
1504 1585 1700 1636 milites
1736 1586 2074 1652 currusque).
2101 1614 2162 1623 —
2193 1588 2239 1649 1)
2266 1585 2356 1637 Aa
2382 1593 2599 1652 pontem
2622 1587 2884 1638 Mulvium

303 1690 485 1741 prope
519 1675 704 1724 urbem
740 1670 960 1723 Romam
990 1674 1156 1738 periit
1190 1670 1500 1721 Maxentius
1529 1673 1704 1721 victus
1739 1688 1772 1722 a
1812 1671 2161 1723 Constantino
2195 1687 2370 1722 mense
2409 1672 2518 1725 Oet.
2552 1674 2674 1727 342.

485 1808 618 1880 68Ἷ
683 1810 1009 1872 restitutori
1060 1810 1333 1890 publicae
1372 1812 1382 1886 Ι
1423 1810 1737 1885 libertam,
1796 1810 2093 1873 defensori
2148 1807 2361 1890 [urbis
2404 1812 2660 1887 Romae,
2716 1832 2885 1874 oom-

315 1915 518 1977 munis
572 1911 583 1994 Ι
631 1912 897 1975 omnium
949 1912 1153 1975 salutis
1198 1913 1457 1987 auctori,
1509 1912 1518 1995 Ι
1571 1912 1627 1973 d.
1683 1932 1744 1973 n.
1789 1915 1930 1993 imp.
1979 1913 2064 1974 Fl.
2113 1914 2234 1975 Val.
2282 1914 2675 1975 Constantino
2725 1912 2735 1996 Ι
2787 1916 2884 1996 pio

317 2018 471 2079 felici
519 2016 738 2077 invicto
768 2033 1008 2095 semper
1035 2016 1205 2095 Aug„
1233 2012 1242 2098 Ι
1275 2015 1529 2077 codicari
1562 2014 1885 2076 nabioulari
1927 2014 1934 2096 Ι
1976 2016 2351 2089 infernates¹‚
2396 2016 2591 2078 devoti
2622 2036 2682 2078 n.
2714 2037 2794 2081 m.
2827 2037 2886 2097 q.

320 2122 464 2193 eiuS‚
505 2117 515 2198 Ι
558 2129 805 2179 curante
850 2118 991 2178 Aur.
1039 2118 1376 2179 Victoriano
1422 2137 1474 2177 v.
1520 2136 1601 2197 p.,
1641 2116 1649 2201 Ι
1690 2119 1877 2197 praef.
1924 2118 2092 2179 ann.2

492 2218 656 2269 Ostiis
699 2217 920 2269 Romam
964 2218 1133 2268 allata
1182 2216 1347 2283 (XIV
1369 2217 1464 2271 454
1509 2218 1794 2284 aliquoties
1840 2219 2107 2285 descripta
2152 2234 2289 2274 saec,
2335 2218 2468 2270 XVI
2505 2221 2775 2287 exeunte).
2818 2248 2887 2258 -

324 2308 371 2370 1)
405 2306 489 2356 De
534 2304 826 2354 codicariis
869 2302 1230 2353 naviculariis
1273 2300 1344 2362 efi
1383 2302 1438 2355 C.
1474 2302 1608 2353 XIV
1634 2302 1670 2353 Ι.
1705 2319 1749 2355 o.
1794 2331 1865 2342 —
1913 2305 1964 2365 2)
2001 2303 2135 2354 Viro
2180 2302 2571 2369 perfectissimo
2606 2302 2888 2370 praefecto

319 2406 585 2442 annonae.

489 2522 622 2594 688
684 2525 1097 2605 triumphatori
1144 2526 1409 2586 omnium
1456 2526 1721 2605 gentium
1767 2545 1834 2587 ao
1879 2527 2157 2588 domitori
2205 2523 2632 2612 universaru[m
2674 2529 2889 2605 factio-

321 2625 519 2715 num]‚
561 2625 569 2711 Ι
608 2622 756 2714 q[u]i
803 2626 1130 2690 libertatem
1179 2627 1442 2690 tenebris
1485 2628 1783 2691 servitutis
1829 2647 2174 2712 oppressam
2219 2648 2322 2691 sua
2369 2629 2522 2691 felici
2569 2626 2829 2716 vi[ctoria

321 2728 497 2817 nova]
544 2733 674 2793 luce
719 2730 1120 2803 inluminavit,
1183 2725 1281 2815 [d.]
1343 2750 1400 2791 n.
1448 2731 1643 2792 Flavio
1689 2731 1921 2793 Valerio
1968 2727 2400 2817 Constant[ino]
2441 2728 2450 2814 Ι
2489 2735 2743 2794 maximo
2788 2733 2887 2814 pio

325 2835 478 2896 felici
526 2834 743 2895 invicto
774 2835 924 2910 Aug.
965 2835 974 2914 Ι
1017 2878 1031 2893 .
1065 2877 1079 2892 .
1111 2851 1179 2894 va
1213 2877 1227 2892 .
1264 2879 1277 2892 .
1313 2879 1327 2893 .
1361 2879 1374 2894 .
1410 2880 1424 2893 .
1473 2828 1548 2917 [v.
1575 2830 1659 2919 p.]
1699 2853 1758 2913 p.
1791 2854 1849 2914 p.
1882 2835 1987 2895 N.¹
2036 2835 2267 2895 numini
2311 2836 2717 2914 maiestatique
2762 2836 2890 2897 eius

326 2938 530 2999 devota
576 2930 782 3021 [mente
824 2931 1086 3020 dicatus}

499 3037 676 3088 Cirtae
711 3035 1113 3104 (Constantine)
1154 3036 1185 3102 (
1185 3035 1313 3088 VIII
1342 3036 1485 3102 7006,
1516 3041 1729 3103 partem
1763 3036 1903 3087 vidit
1942 3035 2285 3103 Wilmanns).
2320 3067 2389 3077 —
2432 3040 2479 3102 l)
2514 3040 2730 3090 Praeses
2761 3055 2893 3105 pro-

328 3125 534 3174 vinciae
568 3120 875 3173 Numidiae.
1005 3121 1008 3124 ’

494 3256 620 3326 689
684 3257 1215 3341 providenltissimo
1247 3267 1308 3318 et
1343 3259 1353 3342 Ι
1395 3278 1528 3322 cum
1561 3256 1705 3320 orbe
1740 3257 1749 3342 Ι
1783 3281 1891 3323 suo
1923 3261 2162 3342 reddiita
2195 3261 2480 3344 libertalte
2511 3264 2843 3325 triumfanti
2880 3261 2888 3345 Ι

331 3362 383 3422 d.
431 3381 490 3422 n.
536 3381 705 3441 perp.
753 3363 894 3441 imp.
941 3362 1028 3423 Fl.
1076 3361 1195 3421 Val.
1239 3359 1248 3442 Ι
1289 3361 1677 3423 Constantino
1729 3366 1739 3438 Ι
1779 3363 1977 3425 inviot.
2031 3382 2090 3443 p.
2137 3366 2177 3425 f.
2221 3366 2371 3445 Aug.
2411 3363 2420 3446 Ι
2460 3366 2699 3438 victori,
2748 3365 2757 3448 Ι
2797 3385 2892 3428 res

329 3483 384 3544 p.
431 3482 482 3523 o.
528 3463 595 3524 L.
641 3464 702 3524 s.¹

501 3565 777 3616 Lambaesi
821 3568 881 3615 in
924 3564 1049 3625 foro
1088 3563 1250 3630 (VIII
1281 3564 1443 3628 2721,
1487 3563 1626 3613 vidit
1666 3562 2006 3632 Wilmanns).
2056 3596 2119 3604 —
2170 3569 2220 3630 1)
2253 3567 2354 3618 Bes
2384 3568 2601 3633 publiea
2650 3568 2894 3619 coloniae

331 3650 859 3703 Lambaesitanorum
894 3650 1040 3711 feeit.
1072 3679 1138 3687 —
1163 3649 1363 3700 Eodem
1401 3650 1514 3700 loeo
1552 3664 1724 3714 nuper
1754 3650 1962 3714 prodiit
1998 3652 2168 3702 altera
2205 3654 2345 3702 basis
2377 3653 2567 3703 iisdem
2601 3655 2777 3703 verbis
2809 3655 2892 3702 in—

330 3738 547 3800 scripta,
583 3739 693 3786 nisi
728 3736 872 3800 quod
904 3736 1020 3786 loeo
1057 3737 1332 3785 nominum
1368 3733 1444 3787 Fu.
1470 3733 1583 3785 Val.
1609 3733 1944 3786 Constantino
1981 3735 2237 3801 leguntur
2269 3739 2430 3788 verba
2467 3736 2618 3800 Gom.
2645 3734 2887 3808 Valerio!

333 3820 620 3872 Constantis
650 3821 659 3885 Ι
691 3820 946 3884 Caesaris,
994 3837 1062 3870 ex
1113 3821 1197 3870 his
1231 3819 1525 3871 Constantis
1561 3819 1792 3871 Caesaris
1833 3824 2067 3886 reposita
2102 3823 2163 3871 in
2198 3822 2367 3872 litura
2405 3822 2565 3889 (Epa.
2600 3827 2652 3888 5,
2687 3825 2782 3877 765
2820 3820 2893 3883 ef.

329 3906 376 3970 7,
396 3906 538 3972 378).
598 3905 850 3956 Fortasse
884 3907 1013 3956 leaeo
1049 3892 1191 3956 basis
1225 3905 1469 3956 dedicata
1503 3904 1617 3965 fuit
1639 3904 1943 3957 Maximino
1967 3906 2153 3957 Dazae
2178 3904 2277 3973 (es.
2300 3908 2367 3960 N.
2390 3910 2550 3976 665ss
2588 3908 2893 3960 Constantis

331 4005 519 4041 nomen
554 3992 731 4040 neseio
768 4006 873 4054 quo
910 3994 1147 4055 tempore
1178 3993 1428 4056 imperite
1461 3993 1730 4041 intrusum
1766 3996 1843 4041 est
1880 3989 2007 4055 (Mo.
2005 3993 2054 4059 ).

499 4140 629 4211 690
691 4140 1008 4230 [do]mino¹
1053 4146 1275 4205 triumfi
1314 4139 1615 4226 lilbertatis
1660 4156 1721 4206 et
1750 4156 1976 4220 nostro,
2018 4145 2027 4229 Ι
2069 4148 2388 4209 restitutori
2434 4145 2685 4227 invioltis
2729 4146 2893 4208 labo-

331 4246 494 4309 ribus
523 4248 646 4309 suis
679 4244 688 4329 Ι
721 4247 1081 4328 privatorum
1115 4255 1173 4308 et
1198 4243 1206 4329 Ι
1231 4246 1503 4327 publicae
1538 4245 1545 4330 Ι
1579 4248 1801 4322 salutis,
1833 4248 1926 4309 L.²
1956 4250 2151 4311 Flavio
2185 4250 2411 4312 Valerio
2452 4247 2461 4330 Ι
2502 4249 2892 4310 Constantino

332 4346 639 4429 peripetuo
678 4367 930 4428 semper,
976 4351 1123 4429 Aug.
1156 4368 1204 4410 r.
1238 4368 1296 4429 p.
1341 4346 1350 4429 Ι
1388 4350 1498 4410 col.
1532 4350 1601 4411 U.
1635 4351 1738 4411 m.³
1772 4350 2116 4413 devotorum
2159 4349 2168 4432 Ι
2210 4351 2438 4413 numini
2470 4347 2892 4434 maiestatilque

333 4450 457 4512 eius
500 4451 562 4510 in
610 4459 935 4512 aeternum.

502 4550 566 4600 In
609 4553 894 4615 provincia
934 4550 1126 4612 Africa
1173 4554 1232 4601 in
1279 4552 1568 4602 ruderibus
1616 4553 1803 4618 oppidi
1847 4552 1942 4606 Uei
1985 4555 2210 4603 maioris
2246 4552 2408 4618 (Eplz.
2449 4568 2527 4618 ep.
2562 4554 2610 4618 7,
2643 4554 2790 4620 273).
2828 4582 2893 4591 —

337 4637 384 4699 1)
418 4634 701 4701 Supplevit
741 4634 924 4687 Tissot.
963 4666 1028 4674 —-·
1068 4638 1118 4701 2)
1154 4636 1246 4688 Sic
1291 4638 1464 4699 lapis,-
1511 4637 1646 4688 alibi
1681 4636 2064 4688 Constantinus
2110 4637 2417 4703 appellatur
2450 4635 2518 4690 M.
2562 4638 2727 4704 (VIII
2743 4638 2893 4705 4784)

332 4720 417 4770 vel
448 4720 501 4775 C.
542 4720 708 4786 (VIII
733 4722 881 4772 9042.
915 4721 1129 4786 40064),·
1163 4725 1291 4788 ipse,
1327 4724 1545 4772 testibus
1580 4722 1756 4772 titulis
1789 4727 2040 4773 accurate
2072 4724 2322 4788 seriptis,
2353 4726 2415 4772 ut
2448 4725 2559 4773 iam
2591 4729 2749 4789 pater
2783 4726 2898 4774 eius
