3432 5387
1125 406 1295 462 Tituli
1329 410 1568 465 virorum
1604 413 1884 481 dignitatis
1919 416 2205 485 equestris.
2814 420 2937 481 323

387 582 569 658 rat00,
609 587 620 661 Ι
660 581 738 645 ob
784 583 910 644 eius
953 599 1092 662 erga
1135 603 1199 646 se
1227 585 1452 646 merita.
1525 586 1770 649 Honore
1809 584 1821 670 Ι
1859 599 2179 654 contentus
2222 591 2587 672 impendium
2635 593 2876 656 remisit.
2926 592 2938 677 Ι

387 685 454 746 L.
502 685 558 746 d.
605 684 661 744 d.
708 685 765 745 d.

560 802 650 852 Ad
674 801 982 852 Danuvium
1005 817 1117 868 rep.
1141 818 1251 854 non
1275 804 1433 870 longe
1456 808 1523 856 ab
1548 821 1609 855 eo
1642 808 1758 860 loco
1782 812 1879 860 ubi
1898 808 2013 870 fuit
2034 810 2240 873 Oescus,
2275 818 2353 864 est
2376 813 2662 866 Bukaresti
2697 814 2809 880 (ΙΙΙ
2822 813 2942 867 753.

387 886 474 937 ΙΙΙ
505 886 560 939 S.
594 887 726 939 7429
772 887 908 937 vidit
942 888 1379 956 Domaszewski).
1416 920 1478 928 —
1519 895 1569 956 1)
1608 891 1688 955 Cf.
1723 895 1791 949 N.
1827 896 1966 951 4464.
2000 925 2070 936 -
2105 899 2157 960 2)
2204 897 2531 950 Conductori
2568 899 2776 965 publici
2812 915 2944 965 por-

393 975 523 1024 torii
555 973 771 1039 Illyrici
805 977 857 1022 et
887 975 1041 1039 ripae
1081 972 1342 1025 Thraciae
1379 974 1473 1041 (cf.
1511 975 1580 1028 N.
1604 977 1779 1046 4855).
1813 1008 1877 1017 —
1918 983 1970 1046 3)
2004 981 2149 1033 Nota
2184 985 2426 1034 civitates
2461 999 2598 1049 quae
2635 983 2944 1051 Capitonem

389 1060 681 1110 bonoribus
720 1059 1046 1125 affecerunt,
1092 1076 1273 1111 omnes
1312 1079 1422 1112 esse
1456 1079 1642 1115 earum
1678 1067 2092 1130 provinciarum
2126 1083 2356 1133 quarum
2386 1072 2635 1134 portoria
2670 1071 2762 1121 ille
2795 1071 2944 1120 rede-

386 1147 576 1195 merat.
611 1171 678 1182 -—-
714 1145 765 1208 4)
800 1143 1037 1202 Honores
1076 1148 1136 1195 in
1173 1145 1478 1212 Capitonem
1513 1151 1579 1199 ab
1625 1152 1760 1215 ipsis
1799 1149 2140 1202 Oescensibus
2184 1152 2368 1204 collati
2412 1153 2654 1220 (praeter
2698 1158 2785 1205 ius
2829 1172 2945 1206 sen-

392 1232 590 1280 tentiae
625 1228 905 1295 dicendae)
941 1230 1170 1281 redeunt
1209 1230 1362 1293 infra
1400 1230 1496 1298 (cll
1533 1239 1641 1287 not.
1676 1235 1734 1301 6)
1781 1238 1840 1286 in
1875 1236 2117 1288 clausula
2167 1238 2316 1288 tituli
2321 1257 2344 1300 ;
2387 1239 2638 1291 videntur
2682 1242 2784 1291 hoc
2827 1241 2944 1291 loco

384 1318 573 1380 postea
616 1315 827 1364 demum
873 1315 1075 1365 intrusi
1109 1332 1242 1380 esse,
1284 1318 1428 1369 unde
1460 1319 1796 1384 caplicatur,
1841 1322 2103 1372 nonnulla
2147 1326 2326 1374 minus
2370 1329 2492 1390 apte
2527 1327 2670 1376 dicta
2719 1342 2841 1377 esse.
2877 1353 2945 1364 —

392 1401 443 1463 5)
465 1400 863 1463 Augustalium.
900 1428 967 1438 —
1003 1402 1056 1462 6)
1096 1401 1306 1453 Titulus
1336 1407 1545 1469 positus
1578 1408 1656 1454 est
1679 1403 1929 1472 Capitoni
1963 1409 2030 1457 ab
2057 1408 2245 1459 ordine
2273 1409 2602 1461 Oescensium
2633 1413 2729 1461 sub
2763 1414 2946 1460 statua

393 1499 553 1549 quam
600 1500 726 1535 aere
772 1485 967 1535 collato
1001 1483 1236 1552 fecerat,
1284 1504 1401 1539 cum
1437 1492 1489 1539 ei
1514 1493 1800 1556 praeterea
1839 1498 2152 1543 ornamenta
2191 1495 2552 1547 sacerdotalia
2600 1495 2948 1558 decrevisset,-

396 1569 620 1620 additur
651 1573 761 1620 iam
791 1572 1004 1635 pridem
1038 1573 1206 1623 eidem
1243 1578 1557 1625 ornamenta
1594 1575 1901 1626 duoviralia
1938 1577 2147 1628 decreta
2182 1594 2306 1630 esse.

569 1704 735 1775 1466
798 1708 843 1768 1.
904 1728 958 1769 o.
1006 1729 1080 1770 m.
1124 1711 1133 1787 Ι
1172 1709 1248 1770 Μ.
1297 1709 1550 1773 Trebius
1587 1708 1599 1793 Ι
1639 1711 1714 1772 Μ.
1761 1712 1842 1774 fll.
1891 1714 2069 1775 Palat.
2110 1711 2120 1794 Ι
2160 1715 2345 1778 Alfius
2391 1735 2544 1796 equo
2583 1715 2595 1799 Ι
2632 1736 2713 1797 p.‚
2761 1719 2946 1798 praef.

399 1810 437 1871 i.
484 1811 540 1872 d.
582 1809 591 1893 Ι
632 1810 867 1889 Aquil.¹‚
907 1809 916 1892 Ι
958 1831 1009 1872 c.
1058 1813 1096 1872 s.
1144 1811 1254 1886 NJ,
1294 1810 1304 1894 Ι
1342 1832 1396 1872 v.
1443 1833 1490 1874 s.
1536 1813 1575 1873 l.
1620 1834 1699 1874 m.

575 1927 749 1992 Tiffen
779 1943 948 1993 prope
969 1927 1326 1979 Feldlrircken
1365 1930 1692 1995 Corinthiae,
1728 1946 1837 1982 non
1873 1933 2031 1998 longe
2065 1950 2099 1984 a
2138 1933 2350 1985 Viruno
2386 1939 2559 2001 capite
2593 1934 2803 1998 Norici,
2839 1953 2951 2003 rep.

398 2014 509 2078 (III
538 2015 667 2066 4788
702 2016 780 2064 bis
815 2013 1123 2079 descripta).
1160 2042 1226 2052 —
1268 2015 1318 2079 1)
1351 2012 1660 2076 Praefectus
1693 2019 1815 2067 iure
1851 2017 2084 2069 dicundo
2120 2019 2418 2085 Aquileiae.
2453 2049 2521 2060 —
2558 2022 2608 2086 2)
2647 2020 2949 2073 Conductor

395 2098 760 2161 ferrariarum
794 2097 1136 2150 Noricorum.

568 2232 738 2304 1467
803 2237 939 2298 Isidi
985 2237 1182 2298 Norei.
1224 2236 1234 2317 Ι
1273 2255 1324 2296 v.
1382 2259 1428 2300 s.
1480 2239 1518 2298 l.
1565 2258 1641 2299 m.
1682 2235 1692 2320 Ι
1743 2244 1852 2319 pro
1909 2239 2093 2301 salute
2133 2239 2143 2322 Ι
2182 2239 2254 2311 Ο.
2302 2242 2542 2322 Septuei
2581 2241 2591 2324 Ι
2632 2243 2950 2307 Clementis

400 2340 411 2424 Ι
459 2360 592 2402 con.
623 2342 731 2401 fer.
763 2339 855 2399 N.¹
901 2358 959 2418 p.
994 2339 1075 2398 d.²
1111 2338 1122 2418 Ι
1162 2349 1219 2399 et
1247 2338 1334 2399 Ti.
1374 2339 1457 2400 Cl.
1490 2339 1772 2402 Heraclae
1810 2338 1820 2423 Ι
1860 2349 1920 2402 et
1949 2342 2055 2403 Cn.
2091 2343 2255 2404 Octa.
2289 2342 2545 2406 Secundi
2585 2343 2596 2426 Ι
2635 2364 2764 2425 pro.
2798 2348 2948 2421 ἰθύ,

399 2445 470 2515 Q.
517 2442 831 2522 Septueius
866 2438 878 2523 Ι
918 2440 1134 2502 Valens
1185 2459 1314 2520 pro.
1361 2442 1526 2502 ferr.⁴

571 2558 693 2624 nep.
730 2573 838 2608 non
875 2558 1034 2622 longe
1068 2573 1102 2607 a
1135 2558 1422 2608 ruderibus
1459 2556 1674 2620 Vis-uni,
1710 2564 1791 2609 est
1814 2558 2139 2626 Klagenl'urt
2171 2562 2282 2623 (ΙΙΙ
2298 2565 2428 2615 4809
2462 2563 2600 2613 vidit
2621 2564 2951 2632 Mommsen).

399 2675 467 2685 —
527 2647 576 2708 1)
634 2643 985 2696 Conductoris
1037 2639 1401 2703 ferrar-larum
1456 2642 1803 2699 Noricorum.
1860 2675 1924 2684 —
1988 2648 2039 2711 2)
2094 2646 2273 2698 Partis
2334 2648 2616 2712 dimidiae,
2669 2652 2955 2716 proposuit

400 2732 723 2793 Mommsen;
767 2731 1203 2781 Pannonicorum
1236 2728 1693 2796 Dalmaticarum,
1737 2731 2044 2793 Hirschfeld
2076 2731 2252 2784 Verte.
2291 2750 2345 2799 p.
2379 2734 2457 2787 76.
2492 2762 2561 2772 -
2606 2735 2656 2797 3)
2694 2736 2954 2786 Procura-

403 2822 596 2881 torum,
630 2819 682 2881 4)
710 2818 1041 2881 procurator
1073 2812 1455 2873 ferrariarum.

404 3060 471 3120 L.
504 2951 803 3121 Ca1li4iggM.
839 3058 875 3117 ί.
910 3056 1028 3117 Cla.
1062 3055 1352 3116 Cremona
1386 3053 1512 3114 Na'
1548 3099 2953 3120 .......................

406 3159 788 3233 Concordia²‚
833 3158 1094 3230 decurio,
1140 3166 1413 3236 quaestor
1487 3200 2819 3219 ......................
2846 3155 2955 3246 [in]

406 3264 604 3345 operis
639 3260 890 3342 publicis
920 3261 979 3321 in
1013 3259 1282 3338 Bithynia
1314 3259 1452 3330 suit3
1499 3263 1549 3319 is
1591 3252 1947 3342 tes[tamento
1982 3305 1995 3318 .
2032 3305 2045 3318 .
2081 3306 2095 3319 .
2131 3305 2145 3318 .
2190 3260 2303 3320 sibi
2341 3271 2393 3320 et
2441 3305 2454 3318 .
2502 3306 2515 3319 .
2575 3259 2737 3322 Calio
2768 3261 2849 3321 M.
2881 3256 2955 3346 f.]

408 3367 523 3428 Cla.
572 3363 897 3426 Cremona²
940 3362 1194 3423 Malliolo
1242 3361 1425 3434 fratri,
1472 3364 1522 3421 is
1564 3363 1629 3440 fo
1678 3406 2955 3424 .....................

408 3477 468 3530 et
509 3469 569 3529 in
619 3467 817 3547 operis
861 3464 1114 3545 publicis
1160 3464 1222 3524 in
1270 3463 1399 3524 Asia
1448 3473 1508 3523 et
1549 3459 1806 3548 Isau[ria
1846 3465 1968 3542 suit
1994 3509 2956 3527 ................

578 3581 936 3643 Concordiae,
991 3594 1134 3629 nunc
1182 3577 1330 3632 Utini
1375 3576 1451 3643 (V
1483 3582 1609 3631 8666
1655 3579 1937 3646 descripsit
1979 3579 2294 3645 Majonica).
2336 3608 2405 3617 —
2455 3582 2503 3642 1)
2553 3580 2787 3632 Litteras
2827 3597 2961 3631 non-

404 3668 584 3718 nullas
617 3682 762 3716 nunc
807 3666 1109 3731 deperditas
1143 3666 1380 3714 servavit
1416 3665 1786 3730 apographum
1831 3661 2038 3724 factum
2080 3680 2216 3716 saec.
2250 3663 2378 3715 XVI
2387 3683 2408 3726 ,·
2454 3681 2541 3714 eas
2586 3664 2793 3716 litteras
2839 3665 2963 3717 dedi

405 3752 710 3804 inclinatas.
748 3779 815 3788 —
842 3752 893 3814 2)
919 3752 1143 3816 Propter
1180 3751 1378 3799 tribum
1412 3746 1693 3799 Claudiam
1716 3749 2070 3800 Mommsenus
2101 3745 2305 3808 fratres
2340 3750 2434 3799 lios
2460 3752 2622 3814 putat
2653 3745 2824 3808 fuisse
2858 3753 2967 3801 ori-

404 3838 536 3901 gine
574 3835 1011 3900 Concordienses,
1055 3849 1179 3884 nam
1220 3832 1590 3884 Cremonenses
1627 3831 1854 3893 fuerunt
1888 3836 1945 3884 in
1979 3835 2230 3895 Aniensi,
2272 3834 2368 3885 sed
2399 3837 2555 3884 natos
2591 3833 2881 3885 Cremonae
2914 3840 2966 3885 et

410 3922 634 3971 alteram
670 3922 807 3970 lianc
842 3921 1052 3971 domum
1089 3922 1304 3970 abusive
1339 3920 1695 3984 adscripsisse.

580 4071 749 4143 1469
814 4075 878 4135 Ρ.
925 4074 1162 4136 Caesius
1207 4074 1270 4134 P.
1318 4074 1356 4132 f.
1402 4072 1572 4134 Rom.
1614 4069 1625 4152 Ι
1664 4072 1864 4133 aedilis
1908 4072 2121 4145 Sorae,
2176 4070 2187 4153 Ι
2225 4072 2578 4152 publicanus
2616 4069 2627 4151 Ι
2666 4070 2905 4132 Romae.
2954 4068 2962 4154 Ι

415 4171 604 4262 [Arb.]
656 4178 787 4238 Arri
834 4177 1098 4238 Paedatis
1136 4174 1147 4254 Ι
1189 4169 1285 4259 [et]
1333 4175 1515 4235 Hilari
1562 4174 1599 4234 l.
1644 4192 1739 4235 me
1774 4219 1788 4232 .
1823 4219 1836 4232 .
1873 4219 1885 4233 .

580 4279 861 4343 Aquileiae
898 4276 984 4342 (V
1006 4278 1104 4327 956
1139 4274 1425 4340 aliquoties
1461 4274 1729 4338 descripta
1765 4288 1903 4325 saec.
1938 4271 2358 4339 XVI-XVIII).

579 4444 750 4516 1470
815 4446 879 4507 Ρ.
926 4446 1154 4507 Calvius
1197 4445 1297 4525 Sp.
1344 4445 1386 4504 s.
1436 4441 1447 4525 Ι
1499 4443 1695 4506 Iustus
1746 4442 2059 4526 {mancips
2110 4451 2236 4513 (sic)
2286 4440 2298 4524 Ι
2348 4441 2721 4503 officinarum
2760 4442 2770 4517 Ι
2808 4459 2970 4502 aera-

410 4550 629 4611 riarum
670 4547 679 4632 Ι
720 4548 1018 4629 quinquae
1063 4556 1190 4617 (sie)
1223 4542 1232 4629 Ι
1266 4547 1405 4606 item
1448 4546 1692 4607 flaturae
1745 4549 1756 4623 Ι
1808 4544 2206 4626 argentariae,
2246 4541 2258 4627 Ι
2295 4544 2410 4605 hoc
2468 4551 2923 4623 monumentum
2957 4539 2967 4628 Ι

415 4671 546 4713 oum
593 4652 863 4714 aedificio
898 4649 909 4735 Ι
942 4669 1036 4711 me
1078 4651 1241 4710 vivus
1283 4648 1396 4709 feci
1440 4648 1583 4708 mihi
1629 4658 1688 4708 et
1721 4648 1730 4731 Ι
1765 4648 1989 4709 Calviae
2025 4648 2033 4730 Ι
2068 4645 2395 4726 Asclepiadi
2430 4643 2440 4729 Ι
2475 4645 2732 4723 coniugi.

581 4751 779 4803 Romae
815 4750 1072 4813 (718456
1108 4750 1246 4799 vidit
1282 4749 1536 4812 Henzen).

2464 4882 2565 4936 21·
