3432 5387
896 401 1070 457 Tituli
1102 404 1494 473 imperatorum
1527 405 1831 474 domusque
1865 405 2273 476 imperatoriae.
2787 409 2866 466 97

471 574 596 644 401
670 577 1011 656 imperatori
1057 577 1286 638 Caesari
1333 577 1443 638 divi
1492 577 1670 638 Marci
1701 578 1992 639 Antonini
2022 578 2110 639 Pii
2141 578 2474 640 Germanici
2515 574 2526 659 Ι
2564 580 2870 644 Sarmatici

290 681 442 754 mio,
473 679 589 740 divi
621 679 709 740 Pii
743 678 970 759 nepoti,
1006 678 1121 739 divi
1153 679 1430 740 Hadriani
1463 680 1802 760 pronepoti,
1830 677 1839 763 Ι
1867 679 1979 739 (Ιίνί
2012 680 2248 741 Traiani
2281 681 2533 742 Parthici
2567 680 2869 762 abnepoti,

291 782 416 843 divi
460 782 688 843 Nervae
733 777 1049 863 adnepoti}
1085 780 1145 846 L.
1183 781 1348 843 Aelio
1379 782 1618 842 Aurelio
1651 780 1973 869 Commodo
2005 783 2271 862 Augusto
2312 783 2635 845 Sarmatico
2673 780 2682 864 Ι
2724 783 2872 846 Ger·

293 882 540 943 manico
583 883 840 944 maximo
885 882 1245 945 Brittanico¹
1293 884 1557 965 pontifici
1604 883 1877 958 maxim0‚
1924 882 2274 945 tribuniciae
2312 886 2322 959 Ι
2363 892 2635 963 potestat.
2666 885 2871 961 XVIII,

293 986 570 1065 imperat.
619 984 769 1057 vul,
814 984 1046 1046 consuli
1091 984 1213 1059 Vll,
1258 985 1408 1065 patri
1457 986 1699 1064 patriae.

473 1084 674 1136 Romae
692 1087 751 1135 in
766 1085 1037 1136 mausoleo
1056 1085 1327 1136 Hadriani
1345 1084 1440 1146 (cll
1460 1085 1534 1136 ad
1549 1085 1619 1139 N.
1635 1087 1792 1147 322),
1817 1085 2086 1151 descripta
2111 1087 2386 1151 reperitur
2406 1088 2466 1136 in
2492 1090 2665 1136 vetere
2691 1087 2873 1138 codice

295 1170 635 1222 Einsidlensi
666 1171 825 1232 (saec.
850 1171 946 1236 IX)
975 1176 1028 1221 et
1044 1174 1231 1237 postea
1255 1186 1391 1222 saec.
1419 1169 1770 1235 XIV—XV15
1789 1174 1973 1237 postea
1992 1171 2163 1235 periit
2182 1170 2444 1235 (V1992).
2470 1199 2537 1208 —
2561 1172 2661 1222 Est
2684 1171 2876 1222 titulus

292 1254 624 1323 sepulcralis
649 1255 934 1318 Commodi,
970 1254 1248 1315 interfecti
1281 1273 1331 1307 a.
1366 1256 1464 1308 492
1500 1260 1656 1307 noete
1691 1270 1831 1321 quae
1866 1253 1971 1307 kal.
2004 1254 2295 1306 Ianuarias
2319 1261 2618 1321 praecessit
2627 1278 2648 1322 ,-
2681 1273 2876 1324 eorpus

293 1344 420 1391 eius
453 1344 794 1391 monumento
830 1341 1104 1393 Hadriani
1135 1340 1368 1391 inlatum
1414 1357 1523 1391 esse
1566 1343 1719 1391 iussu
1753 1341 2053 1392 Pertinacis
2107 1343 2190 1390 ait
2237 1342 2567 1406 biographus
2604 1341 2878 1394 Commodi

291 1427 381 1490 47,
415 1428 463 1476 4.
507 1455 575 1463 —
625 1428 674 1489 1)
706 1426 926 1477 Adsunt
967 1428 1262 1491 agnomina
1310 1442 1379 1477 σω
1425 1425 1576 1476 bellis
1617 1427 1966 1491 victoriisque
2012 1424 2295 1488 det-ivat05
2337 1429 2557 1478 nomina
2599 1431 2875 1493 pacator-is

296 1513 479 1572 orbis,
517 1510 740 1573 Felicis,
776 1511 988 1572 Inuicti,
1024 1510 1254 1562 Romani
1286 1511 1549 1575 Herculis,
1590 1526 1729 1576 quae
1766 1510 2079 1562 Commodus
2117 1512 2201 1562 vel
2227 1514 2441 1576 primus
2478 1513 2561 1563 vel
2590 1513 2737 1563 solus
2773 1514 2877 1564 sibi

294 1599 513 1661 tribuit,
551 1598 761 1650 omissa.

477 1730 610 1801 402
669 1731 838 1815 <divo
872 1728 1304 1818 Comm[odo]>¹
1344 1730 1354 1814 Ι
1394 1732 1468 1793 Μ.
1503 1732 1772 1794 Valerius
1804 1732 2225 1796 Maximianus²
2267 1735 2381 1814 leg.
2420 1730 2587 1816 [Auy.
2627 1754 2722 1815 pr.
2749 1731 2871 1818 Ρη]

295 1834 307 1919 Ι
357 1836 416 1896 d.
465 1835 526 1898 d.

479 1934 827 1986 Vere-eundae
864 1935 1053 2000 (prope
1087 1934 1445 1999 Lambaesim)
1481 1950 1593 1999 rep.
1630 1934 1990 1999 (V1114212).
2026 1962 2087 1971 -
2130 1936 2178 1999 1)
2217 1932 2490 1986 Commodi
2522 1949 2711 1985 nomen
2744 1938 2877 1986 scri·

289 2024 455 2086 ptum
493 2024 569 2070 est
604 2022 663 2069 in
693 2022 870 2085 spatio
896 2020 1156 2085 depresso,
1192 2021 1399 2071 scilicet
1411 2020 1651 2085 primum
1689 2035 1902 2069 erasum
1927 2021 2073 2085 (post
2094 2022 2317 2069 mortem
2343 2017 2659 2085 Commodi),
2689 2025 2879 2086 postea

295 2106 616 2155 restitutum
665 2111 810 2165 (eum
847 2104 1070 2155 Severus
1107 2104 1447 2155 Commodum
1494 2109 1854 2155 consecrasset
1897 2102 2233 2168 [Patremque
2265 2109 2649 2171 nuncupasset)
2689 2106 2876 2157 addito

297 2190 419 2240 divi
452 2188 731 2241 vocabulo.
766 2218 835 2228 —
871 2191 923 2254 2)
958 2189 1193 2254 Legatus
1227 2188 1517 2240 Numidiae
1551 2187 1665 2250 suit
1695 2192 1791 2239 sub
1831 2189 2115 2241 Commodo
2152 2188 2314 2253 (Eph.
2347 2191 2398 2250 5,
2432 2189 2575 2254 763).

474 2324 604 2395 403
670 2328 803 2389 divo
850 2327 1174 2389 Commodo
1213 2327 1224 2409 Ι
1262 2330 1411 2407 Aug.
1458 2327 1671 2407 pontis.
1718 2344 1891 2399 max„
1939 2326 2076 2387 trib.
2118 2325 2129 2407 Ι
2168 2338 2311 2408 pot.,
2357 2346 2499 2401 cos.,
2546 2330 2601 2390 d.
2649 2329 2704 2390 d.

482 2427 544 2479 In
584 2427 896 2494 Campania,
929 2428 1166 2479 Abellini
1198 2433 1261 2478 ut
1294 2428 1510 2479 videtur
1546 2427 1622 2490 (X
1651 2426 1776 2478 4446
1812 2427 1884 2477 ad
1917 2429 2290 2493 apographum
2330 2427 2559 2492 Smetii).

478 2561 608 2632 404
671 2564 804 2626 divo
850 2565 1173 2627 Commodo
1212 2562 1222 2646 Ι
1262 2565 1426 2626 fratri
1466 2563 1476 2646 Ι
1516 2565 1657 2645 imp.
1689 2565 1852 2626 Caes.
1891 2564 1956 2625 L.
1990 2564 2236 2643 Septimi
2278 2567 2288 2645 Ι
2327 2566 2527 2626 Severi
2558 2565 2646 2626 Pii
2686 2565 2697 2647 Ι
2734 2566 2879 2627 Per,-

300 2666 521 2730 tinacis
564 2671 733 2744 Aug„
773 2664 784 2747 Ι
825 2668 1198 2748 praepositus
1248 2666 1566 2740 Crescens»,
1622 2666 1631 2749 Ι
1670 2664 1900 2729 scribae
1955 2666 2432 2740 Fortunatianus,
2474 2665 2484 2748 Ι
2523 2666 2877 2741 Felicianus,

302 2771 579 2843 Quintio,
618 2766 629 2851 Ι
668 2769 984 2849 Eutyches,
1032 2769 1430 2830 philumenus,

481 2870 678 2921 Romae
714 2869 822 2931 (VI
850 2870 999 2934 4025,
1036 2871 1202 2921 deser.
1230 2869 1516 2931 ‚Smeiius).

480 3006 609 3076 405
676 3009 979 3088 Crispinae
1029 3009 1038 3085 Ι
1094 3008 1241 3088 Aug.
1282 3006 1293 3089 Ι
1331 3003 1504 3091 (imp.
1555 3009 1715 3070 Caes.
1758 3005 1767 3089 Ι
1809 3008 1873 3068 L.
1928 3007 2054 3069 Aeli
2098 3002 2317 3085 Aulreli
2362 3002 2682 3090 Comimodi
2728 3009 2877 3087 Aug.

304 3107 642 3193 coniugi>¹,
683 3109 693 3190 Ι
732 3111 788 3172 d.
835 3111 889 3172 d.
936 3131 994 3191 p.
1041 3130 1099 3191 p.

489 3211 828 3278 Thamugadi
849 3210 1140 3263 Numidiae
1175 3210 1336 3273 (VIII
1357 3212 1534 3274 2366).
1612 3210 1820 3262 Titulus
1851 3212 2061 3275 positus
2095 3212 2221 3258 ante
2256 3224 2305 3260 a.
2337 3209 2455 3274 483,
2491 3225 2595 3274 quo
2634 3210 2882 3276 Crispina

301 3302 360 3348 in
397 3297 631 3347 exilium
674 3301 796 3348 acta
841 3301 893 3348 et
937 3313 1066 3348 moa·
1106 3294 1394 3357 interfecta
1431 3301 1523 3347 est.
1559 3325 1626 3334 —
1668 3298 1715 3360 1)
1754 3295 1901 3360 Quae
1936 3297 2091 3345 uncis
2124 3290 2194 3362 <>
2228 3293 2452 3359 inclusi,
2499 3297 2558 3345 in
2594 3296 2765 3346 litura
2798 3313 2883 3347 re-

297 3386 482 3450 posita
529 3388 673 3436 sunt.
750 3382 979 3434 Videtur
1019 3387 1200 3433 autem
1232 3385 1469 3449 scriptor
1503 3384 1803 3448 reposuisse
1836 3396 1946 3432 non
1982 3397 2044 3430 ea
2080 3381 2300 3430 nomina
2338 3381 2532 3445 quibus
2570 3378 2883 3431 Commodus

301 3485 436 3518 usus
471 3472 595 3518 erat
628 3483 747 3517 eum
782 3467 973 3518 titulus
1003 3471 1213 3534 positus
1247 3473 1339 3532 est,
1373 3468 1469 3518 sed
1501 3484 1564 3518 ea
1601 3468 1793 3532 quibus
1829 3481 1958 3516 usus
1993 3469 2070 3515 est
2103 3467 2197 3515 sub
2233 3463 2395 3526 finem
2429 3467 2588 3515 vitae.

478 3602 610 3674 4⁰6
677 3606 928 3669 Marciae
973 3606 1172 3668 Aurel.
1226 3607 1237 3688 Ι
1290 3606 1564 3669 Ceioniae
1607 3601 2034 3689 Demeltriadi¹,
2093 3604 2336 3665 stolatae
2391 3601 2744 3684 Heminae&
2804 3604 2880 3666 ob

303 3709 738 3770 dedicationem
765 3706 773 3791 Ι
810 3711 1193 3784 thermarum,
1226 3729 1372 3789 quas
1404 3721 1537 3791 post
1567 3703 1836 3790 mulltum
1867 3707 2156 3787 temporis
2186 3706 2254 3767 ad
2288 3708 2597 3786 pristinam
2632 3708 2642 3792 Ι
2680 3708 2888 3770 faciem

303 3814 429 3874 suis
458 3811 796 3892 sumptibus
832 3809 1383 3891 restaussraverunt³‚
1430 3832 1476 3873 s.
1509 3832 1566 3892 p.
1601 3830 1658 3890 q.
1691 3809 1989 3888 Anagnin.
2030 3807 2041 3889 Ι
2079 3817 2330 3870 statuam
2362 3810 2702 3889 ponendam
2748 3829 2891 3871 cen-

306 3922 595 3989 suerunt;
638 3913 649 3995 Ι
688 3909 805 3998 o[b]
847 3913 1016 3975 cuius
1046 3913 1461 3975 dedicationim
1495 3923 1621 3984 (sic)
1660 3911 1821 3973 dedit
1857 3906 2302 3992 decurilonibus
2331 3910 2383 3971 X
2414 3911 2517 3985 V‘,
2550 3911 2707 3972 sivir.
2760 3921 2888 3982 (sic)

305 4015 358 4076 X
405 4016 477 4088 11,
524 4016 728 4095 popul.
772 4016 825 4076 X
868 4017 1043 4095 sing.,
1081 4014 1090 4097 Ι
1134 4025 1193 4076 et
1237 4016 1479 4097 epulum
1522 4015 1830 4077 sufficiens
1875 4010 2099 4074 omnib.

480 4116 771 4182 Anagniae
817 4118 893 4169 (Χ
933 4118 1109 4180 5948).
1184 4116 1300 4171 Una
1348 4119 1502 4165 extat
1535 4114 1730 4165 similis
1776 4114 1966 4165 titulus
2011 4113 2082 4165 M.
2119 4113 2334 4164 Aurelii
2374 4112 2664 4164 Sabiniani
2695 4112 2886 4176 Augu-

307 4207 518 4254 storum
561 4202 791 4253 duorum
838 4201 1018 4252 liberti
1061 4200 1139 4263 (X
1162 4201 1332 4263 5747).
1384 4229 1451 4238 -—
1497 4201 1546 4264 1)
1585 4199 1940 4251 probabiliter
1985 4200 2218 4250 coniecit
2260 4198 2549 4250 Mommsen
2595 4198 2734 4247 lianc
2783 4213 2893 4248 esse

307 4287 576 4339 Marciam
602 4289 954 4339 concubinam
982 4287 1269 4351 Commodi,
1308 4301 1444 4351 quae
1474 4289 1659 4351 postea
1685 4284 2119 4345 interficiendum
2155 4299 2273 4334 eum
2311 4283 2525 4334 curavit
2561 4280 2694 4342 (Dio
2715 4279 2802 4344 72,
2825 4282 2892 4340 4,-

305 4375 398 4425 22.
444 4375 528 4423 vit
578 4373 770 4425 Comm.
816 4374 867 4424 8.
904 4371 981 4423 44.
1018 4373 1095 4423 47.
1133 4375 1226 4424 vit.
1262 4373 1402 4423 Pert.
1437 4372 1527 4434 5),
1575 4385 1691 4420 eam
1739 4371 1881 4418 enim
1930 4367 2171 4419 libertini
2213 4370 2432 4433 generis
2476 4364 2651 4427 fuisse
2694 4369 2894 4415 narrat

304 4460 535 4524 epitome
561 4457 619 4510 V
612 4461 800 4510 iccoris
835 4457 915 4522 47,
950 4459 1079 4508 haec
1114 4462 1293 4508 aulem
1329 4456 1446 4517 filia
1470 4456 1685 4505 videtur
1719 4452 1890 4513 fuisse
1926 4452 2214 4504 Sabiniani
2248 4454 2623 4518 Augustorum
2659 4451 2893 4501 duorum

310 4542 493 4594 liberti
527 4546 683 4595 euius
716 4544 909 4594 titulus
936 4541 1194 4608 gemellus
1227 4557 1338 4592 una
1374 4544 1541 4592 extat.
1577 4569 1645 4576 —
1683 4540 1734 4598 2)
1771 4538 1850 4587 De
1884 4537 2114 4587 stolatae
2149 4536 2386 4597 feminae
2421 4534 2780 4602 appellatione
2817 4535 2891 4597 cl'.

309 4628 640 4694 Mar-quardt
678 4628 1014 4680 Privalleben
1062 4628 1139 4679 ed.
1176 4629 1211 4678 2
1253 4644 1305 4693 p.
1340 4628 1456 4678 575.
1492 4655 1558 4664 -
1599 4626 1650 4686 3)
1698 4622 1746 4673 T
1741 4624 1951 4672 hermas
1997 4626 2446 4672 restauraverunt
2489 4621 2699 4672 Mareia
2749 4624 2800 4671 et
2848 4623 2896 4670 is

310 4717 466 4766 cicius
501 4713 693 4764 titulus
727 4717 889 4765 iuxta
924 4714 1102 4763 stabat
1138 4712 1481 4765 Sabinianus.
1527 4739 1586 4749 —
1627 4711 1678 4774 4)
1714 4709 1985 4759 Deum-ios
2019 4709 2227 4773 quinos.

415 4873 604 4924 Dessm,
636 4872 972 4929 Inscriptiones
999 4872 1203 4917 Latinae.
2453 4864 2482 4913 7
