3432 5387
1336 350 1507 406 Tituli
1541 349 1822 406 militares.
2738 348 2860 407 457

465 521 722 586 Laibach,
758 522 851 571 ubi
882 520 997 582 fuit
1033 523 1241 573 Emona
1279 524 1589 573 Pannoniae
1627 522 1737 582 (III
1765 522 1901 573 5845
1937 520 2075 570 vidit
2109 517 2441 585 Mommsen).
2476 547 2547 559 —
2597 522 2647 585 1)
2684 520 2866 585 Signi-

266 606 499 669 ficatur
544 609 735 670 origo‚·
770 603 841 667 ef.
878 607 953 657 ad
986 606 1051 659 N.
1089 608 1243 660 2249.
1279 637 1346 646 -
1382 610 1434 672 2)
1471 606 1864 672 intelleguntur
1908 606 2142 670 leg-iones
2177 602 2382 654 decima
2432 608 2624 670 quinta
2659 605 2867 670 Apolli-

266 693 445 741 naris
504 696 557 740 et
610 696 803 742 octava
847 692 1124 756 Augusta,
1187 708 1321 757 quas
1374 708 1515 743 anno
1564 707 1620 757 p.
1676 692 1799 744 Chr.
1847 692 1906 742 44
1963 688 2244 740 tetendisse
2299 703 2410 739 non
2469 694 2548 741 ita
2594 692 2751 755 longe
2797 692 2863 741 ab

268 776 503 826 Emona
540 780 767 841 apparet
802 792 872 826 ex
902 774 1086 827 Tacito
1122 793 1173 828 a.
1214 779 1256 838 4,
1292 778 1366 829 25
1401 774 1472 836 cf.
1495 778 1544 841 4,
1577 778 1647 827 20
1686 776 1805 840 (ubi
1829 779 2029 826 mentio
2053 773 2118 835 fit
2148 773 2547 838 manipulorum
2583 778 2868 825 missorum

270 860 654 926 Nauportum,
688 864 784 926 qui
818 862 965 912 locus
999 860 1111 923 fuit
1138 877 1313 927 prope
1337 860 1589 925 Laibach,
1624 863 1720 911 ubi
1755 862 1909 911 hodie
1945 864 2022 911 est
2059 859 2446 922 Oberlaibach).
2519 860 2649 923 Illa,
2691 862 2741 909 si
2775 875 2867 910 ex-

270 947 495 1011 ceperis
530 946 824 997 absentiam
860 961 1126 997 annorum
1157 947 1226 998 65
1264 944 1416 1006 (Tac.
1453 961 1578 997 ann.
1604 948 1686 1008 13,
1721 947 1817 1010 25)
1854 945 1927 995 ad
1958 945 2020 996 70
2057 944 2285 1011 (Ioseph.
2311 944 2428 996 bell.
2460 945 2508 1007 7,
2541 947 2593 1007 ὅ,
2628 944 2710 1011 5),
2743 959 2865 1009 per-

266 1032 491 1080 mansit
537 1032 597 1080 in
632 1029 914 1081 Pannonia
949 1046 1117 1096 usque
1162 1031 1236 1081 ad
1266 1046 1402 1080 saec.
1439 1030 1515 1095 II,
1561 1032 1691 1081 haec
1724 1033 1820 1080 sub
1861 1029 2082 1081 Claudio
2117 1031 2204 1080 vel
2234 1030 2449 1082 Nerone
2486 1027 2752 1080 translata
2790 1034 2867 1079 est

268 1117 350 1164 in
377 1114 646 1179 Moesiam,
679 1116 776 1164 ubi
804 1112 918 1174 fuit
952 1132 999 1166 a.
1023 1117 1087 1167 69
1123 1116 1150 1177 (
1155 1114 1273 1167 Tac.
1301 1116 1420 1166 hist.
1447 1117 1499 1179 2,
1520 1116 1632 1181 85),
1670 1120 1723 1164 et
1756 1114 1946 1165 deinde
1980 1118 2039 1165 in
2067 1114 2409 1167 Germaniam
2434 1114 2585 1181 (Tac.
2610 1115 2662 1166 h.
2686 1117 2733 1178 4,
2755 1114 2865 1179 68).

269 1199 365 1249 Et
406 1200 621 1250 videtur
664 1200 752 1251 hic
801 1201 992 1251 titulus
1039 1200 1263 1251 Claudio
1309 1215 1447 1265 non,
1493 1204 1591 1250 aut
1634 1202 1730 1249 via:
1773 1201 2041 1250 recentior
2089 1198 2187 1262 (cf.
2235 1198 2544 1262 Hirschfeld
2589 1201 2740 1250 arch.
2781 1214 2862 1263 ep.

272 1283 471 1335 Mimz.
503 1286 539 1334 6
565 1298 624 1348 p.
661 1284 764 1334 248
800 1289 911 1336 not.
946 1284 1053 1351 44).

461 1416 631 1487 2265
699 1421 867 1481 miles
917 1420 1031 1500 leg.
1073 1420 1281 1495 1XV1¹
1328 1421 1403 1483 Ο*
1450 1419 1748 1499 Viat01ris‚
1809 1421 1942 1481 Sex.
1990 1420 2283 1482 Lartidius
2333 1420 2343 1503 Ι
2395 1423 2530 1482 Sex.
2578 1422 2616 1481 s.
2665 1420 2784 1481 Vel.
2849 1416 2860 1503 Ι

278 1522 588 1597 Pistoris⁸,
628 1520 638 1603 Ι
679 1540 857 1582 anne.
898 1514 1128 1602 [XXVI
1171 1523 1306 1603 stip.
1348 1522 1357 1603 Ι
1398 1522 1493 1595 IV,
1540 1523 1599 1581 l1.
1645 1541 1692 1582 s.
1741 1540 1792 1581 e.

463 1623 636 1688 Prope
658 1621 1061 1686 Moguntiacum
1086 1622 1160 1671 ad
1181 1624 1360 1672 vicum
1383 1620 1659 1672 Zahlbach
1687 1636 1799 1686 rep.
1826 1620 2150 1681 (Brambach
2175 1623 2307 1672 4200
2334 1621 2514 1688 vidit).
2539 1650 2605 1659 —
2635 1625 2681 1686 1)
2707 1622 2864 1673 Prae·

278 1711 438 1757 terea
458 1706 795 1772 Moguntiaci
810 1705 1138 1772 prodierunt
1152 1707 1445 1758 multorum
1470 1706 1706 1757 aliorum
1726 1706 1957 1757 militum
1976 1705 2210 1756 eiusdem
2234 1706 2464 1771 legionis
2489 1710 2862 1773 inscriptiones

278 1790 615 1856 sepulcrales
654 1791 979 1858 (Brambach
1004 1790 1129 1843 4497
1144 1808 1250 1857 seq.
1294 1791 1476 1858 4505),
1511 1793 1604 1856 qui
1637 1791 1831 1841 milites
1862 1807 2034 1857 paene
2067 1806 2263 1856 omnes,
2298 1791 2444 1857 quod
2482 1792 2748 1842 indicium
2784 1796 2863 1842 est

281 1880 590 1942 temporum
633 1878 935 1942 primorum
981 1878 1393 1941 imperatorum,
1444 1879 1760 1941 cognomine
1805 1878 2073 1927 carebant.
2145 1876 2209 1925 In
2257 1874 2543 1926 Germania
2585 1878 2863 1942 superiore

283 1960 435 2024 legio
473 1959 695 2009 tetendit
727 1977 777 2011 a.
813 1961 873 2011 44
911 1959 1063 2022 (Tac.
1101 1976 1226 2012 ann.
1263 1961 1311 2022 4,
1349 1960 1473 2026 57),
1525 1962 1584 2010 in
1625 1960 1913 2013 Germania
1949 1959 2213 2021 inferiore
2260 1976 2401 2011 anno
2437 1964 2499 2012 69
2545 1959 2699 2022 (Tae.
2736 1962 2860 2013 hist.

282 2044 337 2104 4,
374 2044 484 2110 55).
541 2043 665 2110 Ipsa
703 2043 844 2108 legio
882 2045 1084 2095 dicitur
1116 2044 1248 2096 XVI
1281 2043 1486 2095 Gallica
1521 2061 1687 2111 supra
1732 2045 1799 2097 Ν.
1836 2048 1988 2108 2054,
2033 2049 2162 2095 item
2211 2045 2263 2097 C.
2300 2045 2349 2096 X
2382 2046 2522 2106 4744,
2559 2045 2690 2097 XVI
2736 2046 2860 2097 Ger-

280 2131 506 2179 maniae
539 2143 706 2194 supra
742 2128 809 2180 Ν.
834 2130 948 2181 975.
983 2156 1049 2165 —
1088 2130 1138 2194 2)
1178 2128 1450 2181 Centurio.
1487 2158 1552 2168 —
1591 2133 1642 2193 3)
1681 2132 1949 2183 Pistoriae
1986 2131 2240 2195 oppidum
2276 2129 2550 2181 Etruriae.

460 2262 633 2333 2266
701 2266 764 2326 L.
825 2267 1023 2328 Aelius
1067 2266 1208 2328 Fab.
1255 2267 1449 2328 Brixia
1501 2277 1843 2340 veteranus,
1896 2266 1906 2347 Ι
1958 2267 2224 2328 militavit
2280 2267 2515 2346 legione
2559 2267 2686 2327 XVI
2735 2266 2745 2350 Ι
2796 2269 2856 2329 in

284 2367 606 2428 Germania
636 2386 777 2429 ann.
804 2368 981 2442 XXII,
1015 2367 1024 2451 Ι
1056 2370 1197 2430 vixit
1227 2388 1367 2431 ann.
1395 2369 1552 2430 XXX
1584 2415 1598 2429 .
1632 2415 1668 2445 .,
1703 2367 1711 2449 Ι
1747 2371 1811 2431 P.
1836 2370 2034 2431 Aelius
2065 2369 2206 2431 Fab.
2232 2369 2443 2441 Brixia,
2470 2369 2624 2430 idem
2658 2373 2856 2445 frater,

282 2464 634 2552 veter[an.],
675 2468 685 2551 Ι
725 2469 891 2530 milit.
939 2470 1157 2550 legion.
1204 2472 1333 2532 XVI
1377 2473 1439 2533 in
1488 2472 1801 2533 Germania
1847 2490 1942 2532 an.
1991 2470 2166 2545 XXII,
2212 2491 2266 2531 v.
2313 2489 2363 2532 a.
2410 2466 2620 2556 XX[X]
2670 2516 2683 2530 .
2733 2517 2747 2531 .

461 2568 660 2620 Romae
696 2570 803 2633 (Vl
831 2572 966 2623 5560
1002 2571 1171 2623 deser.
1205 2572 1473 2637 Pighius).

459 2706 631 2779 2267
696 2710 785 2770 Ti.
826 2710 1088 2772 Caesaris
1125 2708 1135 2792 Ι
1176 2709 1290 2770 dlvi
1334 2713 1483 2790 Aug.
1532 2712 1572 2771 f.
1619 2711 1868 2788 Augusti
1907 2707 1917 2792 Ι
1958 2709 2124 2771 miles
2170 2709 2515 2782 missicius¹,
2561 2708 2628 2768 T.
2675 2707 2859 2770 Iulius

288 2808 298 2894 Ι
334 2810 565 2886 Festus,
596 2811 876 2908 gijlitavit
920 2831 1111 2874 annos
1156 2811 1308 2872 XXV
1348 2810 1359 2891 Ι
1398 2812 1457 2873 in
1506 2812 1740 2891 legione
1771 2812 1918 2884 XVI,
1963 2811 2200 2872 decreto
2233 2809 2540 2873 decurion.
2580 2808 2590 2889 Ι
2631 2810 2857 2890 accepit

282 2914 571 2975 frumenti
602 2932 681 2974 m.
714 2913 818 2988 L²‚
849 2914 1127 2975 balneum
1162 2922 1221 2975 et
1258 2911 1269 2996 Ι
1307 2915 1436 2976 sui³
1478 2915 1800 2993 gratuitum
1833 2915 1893 2975 in
1926 2932 2094 2995 perp.
2125 2915 2459 3005 et—aream⁴
2503 2908 2679 2994 inlter
2706 2909 2857 2972 duos

285 3024 417 3089 (sic)
461 3020 654 3078 turres
712 3034 821 3095 per
875 3016 939 3076 P.
986 3016 1314 3078 Pusonium
1359 3015 1763 3098 Perefgrinum
1811 3015 2025 3076 IIIIvir.
2072 3026 2132 3076 et
2174 3016 2252 3077 XI
2296 3016 2427 3077 vir?
2471 3015 2854 3094 adsignatam.

463 3115 722 3167 Nemausi
772 3115 902 3183 (XII
929 3115 1061 3168 5479
1109 3117 1247 3167 vidit
1281 3114 1630 3179 Hirschfeld).
1677 3145 1744 3153 —
1798 3119 1845 3177 1)
1898 3116 2090 3166 Fuisse
2136 3117 2277 3166 hunc
2319 3118 2463 3166 inter
2495 3114 2694 3167 milites
2731 3112 2856 3164 Ger-

286 3203 507 3253 maniae
528 3205 842 3268 superioris,
878 3203 1069 3267 quibus
1104 3218 1156 3252 a.
1189 3218 1244 3267 p.
1284 3202 1404 3254 Chr.
1441 3202 1501 3251 44
1536 3203 1719 3251 missio
1746 3204 1988 3266 quamvis
2022 3214 2131 3249 non
2154 3202 2532 3265 flagitantibus
2570 3201 2745 3252 oblata
2781 3205 2859 3251 est

291 3284 448 3353 (Tac.
486 3302 611 3338 ann.
634 3289 682 3349 4,
717 3286 829 3351 57),
865 3286 1090 3352 ideoque
1124 3285 1392 3352 appellari
1426 3287 1736 3348 missicium,
1774 3301 1882 3336 non
1919 3289 2248 3351 veteranum,
2284 3288 2514 3337 coniecit
2546 3285 2859 3345 Hirschfeld

284 3371 350 3433 (l.
391 3373 481 3438 c.).
516 3400 583 3409 -
630 3373 682 3436 2)
716 3371 923 3423 Modios
958 3373 1383 3437 quinquagenos.
1419 3398 1486 3408 -
1531 3371 1583 3435 3)
1618 3369 1742 3421 Non
1781 3370 2146 3435 intellegitur;
2179 3370 2410 3431 fortasse
2446 3370 2627 3421 debuit
2660 3386 2767 3421 esse
2803 3376 2857 3421 et

285 3455 459 3508 balnei
496 3471 642 3508 usum
683 3457 807 3521 (pro
844 3454 981 3510 baln.
1019 3461 1071 3507 et
1107 3455 1213 3522 sui)
1253 3451 1624 3521 (Hirschfeld).
1663 3484 1728 3493 —
1767 3457 1817 3518 4)
1851 3455 1942 3506 Ad
1987 3470 2171 3506 aream
2221 3458 2360 3505 hanc
2400 3458 2676 3520 pertinent
2708 3456 2857 3505 tituli

287 3540 396 3592 XII
425 3542 574 3593 5255
589 3537 656 3591 ⁰⁶.
693 3570 760 3578 -
800 3545 850 3604 5)
891 3541 1254 3595 Undecimviri
1286 3538 1541 3590 Nemausi
1572 3545 1853 3605 praeterea
1888 3555 1998 3590 non
2033 3542 2382 3605 reperiuntur
2415 3538 2511 3606 (cll
2547 3537 2857 3600 Hirschfeld

281 3642 339 3693 p.
374 3626 527 3689 582).

459 3758 632 3829 2268
696 3763 763 3823 T.
810 3762 1039 3824 Atidius
1083 3763 1151 3824 T.
1203 3759 1299 3847 [fi]
1342 3763 1352 3846 Ι
1391 3764 1560 3824 Rom.
1607 3762 1818 3824 Porcio
1859 3765 1869 3837 Ι
1908 3762 2076 3825 miles
2121 3763 2233 3842 leg.
2280 3762 2481 3823 XIIX.¹

464 3864 647 3914 Ateste
682 3863 858 3930 (Este)
899 3864 984 3923 (V
1006 3863 1181 3929 2499).
1216 3890 1284 3901 —-
1324 3866 1372 3925 1)
1411 3860 1491 3922 Cf.
1525 3878 1690 3929 supra
1726 3862 1795 3914 Ν.
1831 3864 1984 3914 2244.

456 3997 628 4068 2269
693 4000 758 4060 L.
790 4001 1060 4061 Artorius
1092 4000 1153 4061 C.
1200 4002 1239 4060 f.
1288 4000 1407 4061 mil.
1449 3998 1460 4080 Ι
1497 4008 1756 4062 veteran.
1801 4003 1914 4080 leg.
1961 4000 2122 4061 xlx¹
2163 4000 2173 4082 Ι
2212 4002 2442 4062 Artoria
2489 4001 2555 4061 L.
2602 4001 2638 4060 l.
2679 4000 2848 4062 Cleo-

290 4113 454 4185 patra
492 4102 505 4183 Ι
544 4103 610 4163 L.
655 4103 929 4164 Artorius
973 4103 1039 4163 L.
1085 4102 1124 4162 l.
1171 4102 1432 4163 Licinus.

461 4204 609 4254 Inter
632 4202 936 4255 Ravennam
974 4206 1026 4253 et
1059 4201 1368 4253 Ariminum
1403 4217 1515 4267 rep.
1542 4200 1645 4262 (XI
1673 4203 1777 4253 548
1812 4201 1978 4253 deser.
2004 4200 2324 4269 Bor-mann).
2349 4229 2418 4238 -
2456 4203 2505 4264 1)
2539 4199 2706 4265 Legio
2730 4198 2858 4251 XIX

287 4307 394 4341 una
433 4304 553 4340 cum
589 4288 736 4339 Varo
766 4291 938 4354 periit
975 4286 1128 4354 (Tac.
1165 4303 1295 4341 ann.
1333 4287 1380 4348 4,
1416 4287 1522 4353 60).
1582 4285 1810 4337 Militem
1849 4289 2157 4336 veteranum
2186 4285 2537 4336 Mommsenus
2568 4289 2730 4350 putat
2765 4287 2852 4336 hic

285 4374 572 4427 secundum
609 4377 730 4424 aevi
762 4376 1070 4425 vetustioris
1103 4388 1259 4424 usum
1300 4372 1410 4423 dici
1445 4373 1540 4437 qui
1574 4374 1644 4420 sit
1676 4370 1969 4421 multorum
2003 4370 2410 4437 stipendiorum.

452 4508 627 4581 2270
692 4511 757 4570 L.
806 4510 1032 4572 Plinius
1078 4511 1209 4572 Sex.
1257 4513 1296 4572 s.
1338 4508 1348 4591 Ι
1388 4508 1530 4571 Fab.
1587 4512 1764 4570 domo
1804 4509 1814 4589 Ι
1853 4507 2210 4588 Trumplia',
2262 4506 2271 4588 Ι
2309 4507 2428 4568 mil.
2476 4506 2589 4587 leg.
2645 4507 2784 4568 XX'
2845 4506 2855 4590 Ι

286 4631 578 4676 annorum
602 4611 772 4685 XLV,
813 4613 822 4692 Ι
862 4612 1288 4691 stipendiorum
1314 4611 1489 4685 XVII,
1529 4610 1538 4691 Ι
1578 4612 1674 4673 hic
1704 4613 1852 4673 situs
1883 4620 1987 4683 est,
2027 4611 2037 4692 Ι
2076 4618 2427 4672 testamento
2460 4610 2587 4671 fleri
2621 4607 2630 4689 Ι
2664 4611 2851 4672 iussit.

287 4717 296 4801 Ι
351 4714 663 4777 Secundus
701 4711 713 4796 Ι
752 4715 816 4774 L.
865 4714 1012 4775 Plin.
1060 4721 1118 4774 et
1162 4714 1225 4775 P.
1271 4714 1473 4774 Mestri
1512 4712 1523 4796 Ι
1563 4712 1811 4775 libertus
1857 4713 2008 4774 fecit.
