3432 5387
529 401 654 460 340
1656 401 1838 470 Caput
1871 399 1967 455 VI.

699 570 873 643 1599
939 574 1005 633 Τ.
1039 574 1267 634 Flavius
1303 574 1314 653 Ι
1355 574 1502 653 Aug.
1536 574 1573 633 l.
1607 571 1617 657 Ι
1653 574 1899 635 Celadus
1936 570 1947 655 Ι
1986 573 2308 635 tabularius
2345 573 2357 654 Ι
2397 589 2752 632 marmorum
2793 569 2805 651 Ι
2844 571 3101 632 Lunen-

532 679 706 750 sium,
744 678 756 760 Ι
794 696 847 737 v.
895 693 946 735 a.
993 675 1272 750 XXXVII,
1319 676 1375 737 h.
1420 696 1468 737 s.
1513 695 1564 736 e.
1605 673 1615 755 Ι
1655 683 1746 743 (In
1780 683 2020 748 angulis)
2065 677 2135 738 Ο.
2168 685 2209 737 t.
2240 676 2297 738 b.
2332 677 2411 754 q.¹
2502 679 2710 746 (Infra)
2757 675 2825 735 T.
2869 684 2911 734 t.
2944 674 2986 734 1.
3020 674 3103 736 s.²

703 777 876 842 Prope
910 775 1127 826 Romam
1164 791 1275 841 rep.
1313 776 1424 838 (VJ
1439 777 1569 827 8484
1603 776 1741 826 vidit
1762 776 2018 839 Henzen).
2053 806 2121 815 —
2161 781 2208 840 1)
2249 775 2374 827 ossa
2413 781 2505 826 tua
2542 777 2672 826 bene
2707 778 2998 841 quiescant.
3025 802 3096 810 —

533 892 598 901 -—
636 861 690 928 2)
731 860 896 913 Terra
931 862 1032 910 tibi
1065 860 1194 910 Ievis
1226 863 1314 910 sit.

698 995 873 1067 1000
937 998 1312 1079 Hymenaeus
1342 973 1643 1076 Caesaris—l
1677 1015 1791 1058 ser.
1824 996 2283 1077 Thamyrianus¹
2315 1017 2347 1058 a
2378 998 2707 1078 lapicidinis
2743 995 2754 1078 Ι
2795 996 3096 1076 Carystiis,

533 1103 645 1163 fec.
691 1100 803 1162 sibi
850 1109 909 1161 et
950 1100 1244 1180 Thamyro
1290 1098 1547 1160 nutricio
1593 1108 1737 1178 opt„
1778 1102 1788 1175 Ι
1828 1098 1899 1170 Q.
1947 1100 2230 1181 Pompeio
2274 1100 2494 1162 Victori
2538 1110 2598 1161 et
2640 1100 2950 1180 Pompeiae
2997 1098 3097 1160 Iu-

534 1202 762 1263 cundae
794 1203 982 1275 uxori,
1021 1201 1031 1284 Ι
1073 1202 1342 1275 Hermae,
1389 1200 1824 1281 Sympherusae
1870 1202 2184 1281 parentib„
2231 1203 2428 1264 Primo
2460 1203 2724 1265 Caesaris
2760 1219 2895 1276 ser„
2935 1199 2945 1283 Ι
2982 1245 3002 1261 .
3028 1244 3046 1259 .
3078 1244 3099 1262 .

535 1349 552 1365 .
585 1349 601 1365 .
631 1349 652 1366 .
680 1349 701 1364 .
731 1304 992 1365 Valeriae
1023 1302 1432 1384 Myrsiniciae²
1462 1348 1478 1363 .
1509 1348 1525 1363 .
1557 1347 1577 1364 .
1607 1348 1623 1363 .
1670 1304 2042 1380 Anemeseto,
2083 1302 2095 1385 Ι
2133 1349 2341 1365 .....
2373 1304 2693 1366 contactis³
2723 1301 3097 1383 posterisque

538 1424 767 1467 eorum.

706 1506 880 1570 Prope
896 1503 1116 1555 Romam
1140 1504 1211 1555 ad
1234 1506 1287 1556 S.
1313 1505 1473 1555 Pauli
1496 1504 1579 1570 (V
1575 1505 1603 1555 I
1619 1508 1751 1557 8486
1776 1505 2056 1571 descripsit
2071 1505 2408 1571 Aecus-sius).
2432 1534 2501 1544 —-
2528 1509 2576 1571 1)
2595 1505 2739 1555 Idem
2763 1505 3098 1570 Hymenaeus

539 1591 707 1641 eidem
739 1589 1008 1657 Thamyro
1037 1590 1250 1656 Carysti
1283 1593 1342 1640 in
1365 1590 1583 1640 Euboea
1611 1592 1801 1656 posuit
1834 1590 2059 1657 lapidem
2096 1606 2215 1641 cum
2235 1592 2588 1656 inscriptione
2611 1590 2818 1655 duplici
2841 1588 2952 1655 (111
2963 1591 3100 1650 563,-

536 1674 678 1726 Bau.
703 1674 767 1725 de
789 1690 932 1727 corr.
968 1675 1088 1728 hell.
1107 1677 1237 1727 4889
1261 1691 1316 1743 p.
1339 1676 1490 1742 522).
1558 1673 1685 1726 Tam
1715 1676 2010 1743 Hymenaei
2033 1690 2193 1741 quam
2224 1674 2483 1740 Thamyri
2504 1678 2723 1727 nomina
2749 1676 3099 1725 inveniuntur·

536 1764 597 1810 in
629 1762 782 1810 saxis
817 1777 886 1811 ex
921 1760 1099 1826 lapide
1136 1777 1182 1826 q.
1221 1761 1271 1812 d.
1311 1760 1574 1825 Gipollino
1609 1765 1839 1826 repertis
1862 1760 2059 1811 Romae
2092 1759 2166 1810 ad
2199 1763 2497 1825 emporium
2531 1760 2771 1827 (Bmzza
2808 1775 2933 1810 ann.
2968 1762 3096 1809 inst.

540 1846 689 1896 areli.
732 1845 860 1897 4870
903 1863 957 1912 p.
1004 1845 1096 1897 474
1141 1862 1193 1897 n.
1241 1845 1303 1896 47
1329 1861 1471 1910 seq.;
1513 1843 1584 1905 cf.
1633 1845 1858 1896 Huelsen
1902 1844 2079 1896 Roem·
2127 1844 2304 1896 Mittit.
2352 1845 2483 1896 4889
2524 1861 2581 1910 p.
2626 1847 2733 1898 230
2778 1848 2886 1895 not.
2934 1843 2979 1896 4.
3026 1872 3095 1882 -

547 1932 598 1995 2)
630 1928 838 1981 Nomen
873 1934 1202 1996 corruptum.
1241 1957 1302 1967 —
1344 1932 1395 1994 3)
1431 1928 1548 1980 Scr.
1584 1929 1867 1982 conlacteis
1903 1926 2282 1996 (Hirschfeld).

711 2215 875 2287 1601
946 2219 1000 2278 d.
1047 2238 1123 2279 m.
1165 2222 1176 2294 Ι
1214 2219 1289 2279 Μ.
1328 2218 1600 2280 Aurelius
1629 2219 1818 2298 Augg.
1868 2237 1926 2278 n.
1975 2237 2033 2277 n.
2076 2217 2083 2299 Ι
2125 2218 2224 2278 lib.
2270 2218 2743 2298 Epaphroditus¹
2784 2217 2795 2299 Ι
2835 2229 3102 2281 exsactor

545 2340 792 2403 operum
838 2315 1409 2402 dom.n.n.}corum²,
1456 2329 1512 2381 et
1541 2320 1787 2381 Laberia
1820 2319 2089 2381 Felicitas
2126 2319 2137 2394 Ι
2178 2322 2449 2382 fecerunt
2490 2320 2600 2382 sibi
2647 2330 2705 2381 et
2748 2321 2871 2381 suis
2904 2318 2913 2402 Ι
2946 2321 3102 2382 iten-

546 2441 662 2502 que
718 2421 946 2484 libertis
1000 2417 1455 2502 liberlmbusque
1514 2423 1888 2503 posterisque
1947 2422 2224 2505 eorum}
2288 2423 2461 2482 Hunc
2520 2423 2953 2483 monimentum
2999 2441 3101 2483 ex-

547 2537 741 2587 terum
788 2543 911 2585 non
956 2519 1278 2606 sequeitur,
1322 2524 1435 2585 nisi
1481 2525 1554 2585 de
1600 2526 1845 2586 nomine
1890 2534 2298 2602 utrorumque.
2338 2523 2349 2603 Ι
2409 2524 2483 2584 Η.
2516 2542 2593 2584 m.
2626 2525 2682 2585 d.
2729 2543 2807 2585 m.
2852 2544 2904 2583 a.
2948 2522 3032 2584 Ι).3

714 2623 910 2675 Romae
959 2624 1036 2689 (V
1038 2624 1069 2674 1
1096 2626 1226 2676 8480
1268 2625 1438 2675 descr.
1476 2624 1705 2676 Smetius
1752 2624 1994 2692 aliique).
2044 2653 2109 2662 -
2161 2626 2210 2687 1)
2245 2624 2391 2675 Idem
2437 2624 2651 2675 videtur
2686 2624 3107 2690 Epaphroditus,

546 2714 638 2763 cui
683 2728 733 2763 a.
783 2710 884 2763 493
929 2710 1225 2761 rationales
1268 2710 1688 2776 mandaverunt,
1747 2715 1811 2761 ut
1856 2710 2067 2776 tegulas
2111 2711 2428 2775 adsignat-et
2472 2710 2709 2761 Adrasto
2756 2713 3105 2775 procuratori

547 2796 825 2847 columnae
869 2796 984 2846 divi
1018 2794 1193 2847 Marci
1233 2794 1338 2862 (VI
1368 2796 1544 2847 458.st
1589 2812 1638 2847 υ.
1674 2796 1737 2846 44
1754 2795 1905 2861 seq).
1953 2825 2019 2834 —-
2068 2798 2121 2858 2)
2158 2795 2248 2847 Sic
2295 2795 2456 2861 lapis,
2502 2798 2725 2846 testibus
2753 2797 2941 2860 probis
2974 2811 3103 2861 apo-

541 2884 802 2948 graphis5
835 2883 1040 2931 erravit
1061 2880 1177 2931 sine
1200 2881 1363 2931 dubio
1401 2880 1804 2945 quadratas-ius,
1842 2897 1961 2931 cum
1994 2880 2293 2945 insculpere
2327 2880 2591 2931 debuisset
2629 2878 3012 2931 dominicorum.
3035 2908 3104 2919 —

549 2969 601 3030 3)
637 2966 752 3018 Scr.
788 2966 869 3016 ab.
907 2966 1154 3031 (abesto).

719 3101 892 3172 1602
955 3104 1010 3163 d.
1057 3123 1134 3164 m.
1177 3100 1187 3183 Ι
1225 3102 1451 3164 Flaviae
1498 3103 1678 3164 Zethe
1736 3103 1973 3182 coniugi
2014 3098 2024 3184 Ι
2062 3104 2427 3176 carissimae,
2484 3103 2598 3163 vix.
2658 3122 2801 3165 ann.
2846 3100 3038 3172 XXII,
3088 3099 3100 3183 Ι

552 3206 630 3267 Μ.
674 3205 882 3285 Ulpius
926 3206 1074 3283 Aug.
1123 3206 1158 3265 l.
1204 3205 1572 3266 Abascantus
1613 3203 1937 3266 tabularius
1988 3222 2152 3283 oper.
2208 3203 2451 3284 public„
2491 3204 2502 3286 Ι
2541 3212 2600 3265 et
2652 3206 2765 3268 sibi
2822 3205 3104 3285 posteris-

551 3326 669 3388 que
712 3308 857 3368 eius.

722 3406 922 3458 Romae
958 3406 989 3471 (
987 3408 1065 3458 V!
1081 3407 1210 3458 8479
1242 3407 1383 3456 vidit
1418 3407 1671 3472 Henzen).

721 3540 892 3612 1608
957 3543 1077 3604 Iovi
1120 3563 1217 3624 op.
1261 3561 1412 3604 max.
1453 3539 1464 3624 Ι
1502 3543 1579 3603 Μ.
1611 3542 1820 3622 Ulpius
1862 3542 2012 3622 Aug.
2058 3541 2159 3603 lib.
2202 3539 2212 3623 Ι
2250 3544 2639 3606 Thaumastus
2678 3541 2688 3625 Ι
2726 3548 2758 3604 a
2801 3504 3108 3604 comment

551 3646 714 3707 tan-iis
752 3643 763 3727 Ι
802 3664 1049 3724 operum
1093 3645 1469 3724 publicorum
1509 3644 1521 3717 Ι
1560 3655 1619 3705 et
1660 3643 1909 3705 rationis
1951 3644 2289 3723 patrimoni,
2329 3643 2340 3728 Ι
2379 3647 2434 3707 d.
2481 3647 2536 3706 d.

722 3743 962 3810 Rignam·
995 3749 1052 3795 in
1089 3761 1224 3810 agro
1263 3746 1528 3811 Capenate
1563 3744 1818 3809 (Χ15860
1852 3744 1992 3794 vidit
2022 3745 2341 3812 Bor-mann).

732 3861 901 3932 1604
965 3865 1220 3926 Hierocli
1258 3861 1269 3946 Ι
1308 3864 1457 3943 Aug.
1504 3856 1727 3949 dis[p.]¹
1766 3863 1776 3946 Ι
1818 3882 2064 3943 operum
2116 3862 2126 3945 Ι
2176 3864 2570 3944 publicorum,
2610 3861 2621 3945 Ι
2660 3862 2811 3925 Eros
2838 3862 3109 3923 vicarius.

725 3964 922 4015 Romae
958 3964 1210 4029 (718478
1244 3964 1317 4015 ad
1349 3963 1646 4029 exemplum
1680 3965 1950 4014 novicium
1993 3967 2054 4015 in
2092 3964 2270 4030 lapide
2305 3966 2578 4032 incisum).
2614 3993 2681 4003 —
2721 3966 2771 4028 1)
2804 3963 2902 4014 disi
2937 3978 3111 4013 exem-

548 4050 699 4115 plum
735 4052 1021 4102 novicium.

730 4183 898 4254 1605
965 4187 1265 4267 Impetrati
1289 4188 1439 4268 Aug.
1468 4207 1526 4247 n.
1552 4184 1993 4266 dislpensatoris
2014 4195 2123 4247 rat.
2154 4186 2281 4246 aed.
2313 4181 2481 4267 salcr.
2514 4195 2573 4246 et
2603 4203 2770 4265 oper.
2793 4184 3109 4264 publicor.,

557 4284 570 4371 Ι
621 4287 922 4350 Herennia
965 4289 1222 4351 Gemella
1261 4288 1272 4371 Ι
1312 4289 1552 4370 coniugi
1595 4289 1957 4351 dulcissimo.

725 4390 990 4452 Amalfiae
1026 4389 1105 4456 (Χ
1119 4392 1223 4443 529
1258 4392 1338 4441 bis
1373 4391 1637 4456 descripta
1674 4388 1906 4439 saeculis
1938 4388 2348 4454 superioribus).

731 4523 900 4593 1606
964 4528 1020 4588 d.
1066 4547 1144 4590 m.
1184 4524 1195 4609 Ι
1233 4529 1312 4590 Μ.
1358 4528 1493 4608 Ulpi
1537 4529 1686 4605 Aug.
1730 4524 1831 4586 lib.
1873 4524 2172 4619 Qutychi
2210 4527 2221 4602 Ι
2260 4524 2444 4585 tabul.
2487 4524 2612 4586 viae
2656 4523 2909 4605 Appiae,
2948 4517 2961 4603 Ι
2998 4521 3113 4582 vix.

561 4646 700 4693 ann.
745 4628 973 4705 XXXX,
1013 4627 1024 4711 Ι
1062 4629 1254 4691 Flavia
1290 4627 1302 4711 Ι
1341 4630 1587 4710 Daphne
1626 4627 1638 4711 Ι
1675 4626 1917 4708 coniugi
1961 4627 2020 4689 b.
2065 4646 2142 4688 m.
2182 4626 2194 4709 Ι
2231 4627 2388 4688 fecit.

730 4726 926 4780 Romae
961 4729 993 4795 (
991 4730 1069 4782 V!
1085 4732 1211 4782 8466
1244 4730 1383 4781 vidit
1414 4728 1668 4794 Hermen).
