3432 5387
901 410 1074 466 Tituli
1108 410 1484 482 apparitorum
1520 417 1576 467 et
1611 428 1888 469 servorum
1922 414 2287 484 publicorum.
2749 415 2880 476 383·

488 581 658 651 1947
726 584 789 646 C.
834 584 1052 665 Papius
1097 584 1160 646 C.
1203 584 1242 645 l.
1284 583 1294 664 Ι
1333 585 1577 648 Salvius.
1612 582 1635 668 ΙΙ
1670 584 1734 648 C.
1781 586 1998 666 Papius
2042 587 2105 649 C.
2152 588 2189 648 l.
2230 585 2240 669 Ι
2286 588 2521 668 Apelles
2569 599 2816 668 argent„
2866 586 2876 672 Ι

320 705 607 749 accensus
649 687 713 747 P.
747 686 883 748 Sili¹
930 705 1052 748 cos.
1088 685 1108 766 ΙΙ
1142 686 1339 766 Papiai
1371 687 1434 749 C.
1479 687 1517 748 l.
1557 685 1567 769 Ι
1608 688 1940 768 Cleopatrai
1979 689 1988 768 Ι
2028 698 2316 768 patronus
2355 687 2364 773 Ι
2403 691 2615 770 dignae
2659 691 2885 771 posuit.

458 786 668 853 Capuae
705 785 783 852 (X
809 787 942 839 5877
988 786 1124 837 vidit
1157 785 1306 850 Ma).
1344 816 1408 826 —-
1449 791 1496 851 1)
1534 788 1894 852 significatur
1941 794 2037 840 aut
2085 792 2132 840 is
2176 793 2272 857 qui
2303 788 2418 850 suit
2451 792 2638 842 consul
2670 808 2722 844 a.
2756 792 2794 843 5
2827 808 2880 857 p.

325 870 442 935 Cn„
479 875 577 923 aut
608 876 657 923 is
692 874 788 939 qui
823 889 873 926 a.
896 873 983 924 28.

494 1022 665 1093 1948
731 1026 793 1088 C.
840 1025 1024 1086 lulius
1083 1025 1197 1086 divi
1243 1027 1391 1105 Aug.
1440 1026 1478 1086 l.
1531 1025 1540 1107 Ι
1591 1027 1839 1089 Niceros
1886 1028 2123 1089 Vedian.
2169 1046 2357 1090 acces.
2405 1035 2527 1101 (sic)
2573 1027 2585 1110 Ι
2636 1029 2883 1091 Germa·

323 1128 488 1189 nico¹
522 1128 738 1189 Caisar.
785 1145 905 1189 cos.
953 1139 1013 1188 et
1048 1126 1060 1207 Ι
1100 1127 1346 1188 Calvisio
1379 1127 1637 1189 Sabino¹
1686 1146 1808 1190 cos.
1850 1130 1859 1209 Ι
1900 1129 2046 1192 Iulia
2087 1130 2155 1190 L.
2205 1131 2243 1191 s.
2290 1131 2493 1193 Helice
2530 1128 2540 1212 Ι
2582 1132 2692 1192 vix.
2740 1149 2884 1192 ann.

323 1228 445 1289 XX.
480 1226 505 1312 ΙΙ
538 1229 602 1291 C.
648 1229 831 1291 lulius
875 1231 1024 1310 Aug.
1071 1230 1108 1290 l.
1157 1230 1553 1291 Amaranthus
1591 1226 1602 1311 Ι
1642 1230 1754 1291 sibi
1801 1241 1860 1292 et
1907 1231 2086 1292 Iuliae
2132 1232 2193 1293 C.
2241 1233 2279 1293 l.
2326 1232 2512 1294 Clarie
2557 1243 2615 1295 et
2652 1232 2662 1313 Ι
2701 1234 2884 1295 Iuliae

325 1332 389 1394 C.
434 1331 474 1392 l.
520 1331 876 1392 Mercatillae
917 1329 927 1413 Ι
966 1330 1176 1392 delicio
1219 1349 1371 1391 meo.
1412 1330 1422 1413 Ι
1463 1330 1606 1391 iulia
1651 1331 1966 1394 Euheteria
2007 1330 2016 1415 Ι
2055 1334 2290 1395 Helices
2334 1346 2539 1396 mater.

501 1430 699 1482 Romae
731 1434 792 1482 in
828 1431 1008 1482 eodem
1043 1431 1373 1482 columbario
1408 1433 1467 1480 in
1503 1446 1608 1496 quo
1633 1430 1701 1482 Ν.
1726 1433 1860 1483 4588
1895 1432 2003 1498 (VI
2031 1433 2176 1487 4963.
2210 1434 2344 1487 5⁴80
2379 1435 2518 1486 vidit
2552 1437 2796 1502 Henzen).
2823 1464 2888 1474 --

329 1518 377 1580 1)
416 1514 764 1568 Germanicus
789 1516 974 1567 consul
1006 1515 1118 1575 luit
1141 1532 1189 1565 α.
1221 1531 1276 1581 p.
1305 1515 1423 1567 chr.
1451 1515 1516 1567 12
1542 1520 1596 1565 et
1618 1532 1665 1568 a.
1692 1518 1773 1581 18,
1812 1517 2073 1568 Calvisius
2098 1517 2331 1569 Sabinus
2363 1536 2414 1570 a.
2439 1536 2491 1576 u.
2518 1538 2562 1573 o.
2585 1524 2698 1586 750,
2733 1521 2882 1584 filius

324 1603 437 1650 eius
473 1600 705 1651 eiusdem
741 1603 976 1652 nominis
1013 1599 1109 1667 (cf.
1143 1615 1309 1664 supra
1345 1598 1412 1651 Ν.
1447 1601 1576 1666 925)
1625 1618 1673 1652 a.
1707 1617 1762 1667 p.
1802 1602 1922 1656 Chr.
1959 1604 2044 1654 26.
2116 1603 2383 1655 Videntur
2418 1606 2660 1671 intellegi
2696 1621 2884 1657 consu-

327 1687 468 1737 latus
502 1702 768 1737 annorum
802 1686 866 1737 48
901 1690 953 1735 et
985 1688 1054 1738 26
1080 1701 1137 1751 p.
1177 1684 1297 1736 Chr.

497 1837 666 1907 1949
729 1840 806 1901 Μ.
838 1840 1111 1902 Aurelius
1143 1841 1345 1903 Cottae
1383 1840 1394 1922 Ι
1433 1842 1699 1903 Maximi¹
1747 1843 1783 1902 l.
1817 1844 2111 1919 Zosimus,
2154 1844 2163 1925 Ι
2203 1863 2488 1907 accensus
2531 1847 2788 1926 patroni.

780 1941 1122 2003 Libertinus
1167 1961 1361 2017 eram,
1409 1944 1626 2019 fateor3
1667 1943 1676 2024 Ι
1716 1944 1820 2006 sed
1866 1946 2015 2007 facta
2062 1946 2289 2027 legetur
2325 1945 2336 2031 Ι

866 2054 1119 2123 patrono
1157 2044 1336 2132 ‚Cotta
1383 2046 1595 2108 nobilis
1637 2049 1849 2109 umbra
1893 2066 2042 2109 mea.
2084 2048 2093 2127 Ι

783 2146 898 2216 Qui
943 2147 1084 2208 mihi
1128 2148 1541 2226 saepe·libens
1585 2167 1804 2210 census
1849 2150 2088 2211 donavit
2125 2150 2133 2230 Ι
2174 2152 2497 2229 equestris,

870 2248 970 2326 qui
1013 2248 1183 2310 iussit
1226 2258 1399 2312 natos
1439 2255 1448 2327 Ι
1489 2251 1727 2323 tollere,
1773 2270 1924 2330 quos
1968 2252 2151 2314 aleret
2187 2253 2198 2333 Ι

787 2349 1009 2428 quique
1054 2368 1192 2412 suas
1236 2352 1530 2414 commisit
1574 2371 1719 2433 opes
1756 2350 1766 2436 Ι
1805 2354 1948 2415 mihi
1994 2373 2262 2434 semper,
2309 2365 2367 2416 et
2412 2356 2563 2416 idem

910 2451 1129 2513 dotavit
1166 2450 1175 2534 Ι
1216 2462 1381 2515 natas
1423 2463 1489 2514 ut
1532 2463 1699 2535 pater
1744 2456 1870 2535 ipse
1918 2474 2106 2531 meas,
2141 2455 2150 2540 Ι

787 2552 1221 2633 Cottanumque
1266 2574 1460 2616 meum
1509 2556 1835 2637 produxit!
1877 2559 2107 2620 honore
2152 2560 2409 2634 tribuni,

874 2674 1053 2737 quem
1095 2657 1263 2719 sortis
1301 2654 1311 2740 Ι
1351 2657 1556 2720 castris
1600 2658 1864 2721 Caesaris
1907 2661 2177 2723 emeruit.
2218 2658 2228 2743 Ι

787 2758 942 2829 Quid
988 2779 1109 2821 non
1158 2759 1326 2821 Colta
1369 2759 1572 2822 dedit?
1617 2762 1720 2840 qui
1767 2780 1932 2822 nunc
1969 2760 1978 2845 Ι
2019 2771 2080 2823 et
2124 2764 2384 2825 carmina
2429 2763 2609 2825 tristis

868 2862 1015 2922 haec
1059 2861 1220 2923 dedit
1256 2860 1266 2944 Ι
1307 2863 1367 2923 in
1417 2863 1643 2924 tumulo
1692 2863 2115 2943 conspicienda
2161 2884 2312 2926 meo.
2349 2865 2355 2947 Ι

339 2960 572 3021 Aurelia
617 2960 894 3024 Saturnia
936 2963 1171 3025 Zosimi.

508 3060 599 3110 Aa
642 3063 785 3112 viam
831 3063 1061 3129 Appiam
1108 3080 1220 3130 rep.
1266 3066 1325 3114 in
1372 3079 1508 3129 agro
1555 3065 1767 3116 Albano
1814 3064 1973 3131 (XIV
1995 3066 2139 3117 2298
2185 3066 2352 3117 deser.
2403 3065 2593 3131 Gacti).
2628 3092 2695 3102 -
2736 3066 2785 3128 1)
2833 3064 2906 3117 M.

339 3144 594 3195 Aurelius
630 3148 782 3198 Cotta
818 3148 1094 3200 Maoeimus
1124 3154 1311 3214 postea
1347 3150 1524 3200 dietus
1557 3150 1890 3212 Messalinus,
1928 3150 2114 3201 consul
2147 3147 2260 3209 fuit
2292 3166 2341 3202 a.
2375 3166 2429 3216 p.
2469 3149 2590 3201 Chr.
2622 3151 2707 3202 20.

516 3264 683 3335 1959
748 3269 815 3329 L.
864 3269 1183 3350 Calpurnio
1223 3269 1232 3347 Ι
1273 3270 1425 3332 Calai
1465 3269 1475 3353 Ι
1527 3271 1733 3333 viatori
1779 3268 2146 3353 tribunic.‚·l
2197 3290 2450 3333 accenso
2495 3289 2526 3331 a
2572 3279 2838 3350 patron.‚
2895 3271 2902 3352 Ι

343 3367 498 3430 idem
540 3371 748 3432 allecto
788 3370 798 3451 Ι
839 3371 1109 3433 111111vir.
1155 3372 1303 3452 Aug.
1345 3374 1354 3455 Ι
1394 3381 1587 3435 vetere
1633 3373 1997 3448 Fabrateria,
2053 3372 2062 3454 Ι
2102 3383 2160 3434 et
2198 3369 2209 3454 Ι
2247 3373 2467 3434 Baibiai
2505 3370 2515 3455 Ι
2556 3373 2843 3435 Proculae
2894 3373 2902 3455 Ι

345 3469 832 3559 contubern[ali].

517 3574 760 3626 Veronae
800 3574 887 3639 (V
908 3577 1047 3627 5354
1083 3575 1220 3624 vidit
1254 3573 1586 3640 Mommsen).

517 3694 683 3763 1951
753 3696 821 3756 L.
866 3696 1175 3756 Nummius
1214 3693 1223 3778 Ι
1263 3697 1329 3757 L.
1375 3696 1412 3756 l.
1461 3697 1627 3758 Chilo
1667 3699 1679 3772 Ι
1718 3714 2003 3758 accensus
2050 3696 2158 3757 his.

483 3794 694 3858 Romae,
731 3811 877 3847 nunc
911 3796 1158 3846 Potsdam
1196 3796 1309 3861 (VJ
1337 3797 1464 3848 4965
1499 3797 1638 3847 vidit
1672 3795 2004 3863 Mommsen).

520 3916 691 3986 1952
748 3917 815 3978 L.
839 3917 1067 3980 Licinio
1107 3915 1117 3999 Ι
1158 3918 1466 3980 Secundo¹
1503 3915 1513 3999 Ι
1547 3936 1799 3979 accenso
1836 3916 1846 4002 Ι
1879 3927 2111 3997 patron.
2144 3937 2252 3979 suo
2286 3915 2294 3998 Ι
2329 3918 2395 3978 L.
2431 3918 2617 3979 Licin.
2652 3919 2870 3980 Surae²
2903 3918 2912 4001 Ι
2999 3903 3012 3914 ’

350 4022 523 4100 prim.
569 4020 813 4083 secund.
853 4020 864 4101 Ι
903 4029 1038 4083 tert.
1086 4040 1252 4082 cons.
1294 4019 1303 4101 Ι
1343 4023 1500 4093 eiuS‚
1562 4019 1836 4081 111111vir.
1889 4017 1899 4101 Ι
1951 4024 2098 4099 Aug.
2159 4019 2269 4080 col.
2318 4020 2361 4080 1.
2410 4019 2474 4080 V.
2520 4020 2586 4080 T.
2627 4019 2637 4098 Ι
2677 4019 2914 4081 Tarrac.

352 4133 411 4185 et
454 4125 565 4185 col.
612 4124 676 4183 F.
727 4123 768 4183 1.
815 4126 883 4183 A.
929 4125 992 4185 Ρ.
1040 4123 1338 4196 Barcin.3,
1380 4122 1389 4203 Ι
1430 4141 1500 4193 ex
1543 4124 1601 4183 d.
1647 4122 1704 4182 d.
1751 4121 1916 4183 Baro.

520 4224 825 4275 Barce'none
851 4223 1086 4289 (114556
1121 4224 1228 4274 duo
1267 4224 1472 4289 lapides
1509 4223 1690 4273 eadem
1724 4225 2078 4287 inscriptione
2115 4224 2384 4286 inscripti,
2420 4236 2648 4286 quorum
2685 4221 2914 4269 alterum

352 4308 488 4360 vidit
521 4309 811 4373 Huebner).
848 4337 915 4347 -—
958 4312 1004 4373 1)
1043 4309 1232 4359 Eidem
1268 4308 1479 4359 Licinio
1531 4307 1777 4360 Secundo
1821 4309 1980 4358 mulli
2024 4308 2127 4357 alii
2173 4308 2322 4358 tituli
2366 4305 2619 4356 simililer
2676 4307 2919 4368 concepti

352 4397 519 4460 posili
550 4398 677 4444 sunt
710 4394 1016 4445 Barcinone
1052 4393 1138 4458 (ΙΙ
1163 4395 1495 4446 4537—4548
1533 4394 1588 4443 ΙΙ
1620 4392 1674 4444 S.
1698 4393 1840 4445 6148.
1864 4393 2035 4460 6149),
2078 4393 2320 4457 plerique
2367 4394 2432 4457 alp
2471 4391 2774 4440 hominibus
2806 4389 2921 4454 pri-

353 4483 508 4542 vatis,
541 4480 790 4531 nonnulli
807 4497 839 4530 a
857 4481 1169 4545 municipiis
1189 4480 1441 4545 Hispanis
1466 4478 1550 4529 vel
1570 4495 1603 4529 a
1631 4478 1884 4543 collegiis.
1909 4507 1976 4516 —-
2002 4480 2051 4543 2)
2077 4476 2157 4526 De
2180 4476 2394 4527 Licinio
2420 4475 2562 4528 Sura
2589 4478 2641 4524 ei
2663 4473 2727 4524 de
2750 4474 2922 4523 tribus

353 4567 468 4616 eius
504 4566 868 4617 consulatibus
902 4564 971 4627 cll
1008 4580 1174 4631 supra
1199 4563 1267 4618 N.
1291 4565 1443 4617 4022.
1469 4593 1535 4602 ——
1573 4567 1622 4630 3)
1655 4563 1843 4615 Seviro
1871 4562 2161 4628 Augustali
2195 4562 2436 4613 coloniae
2468 4561 2640 4611 Iuliae
2664 4558 2922 4610 Victricis

360 4649 722 4717 Triumphalis
758 4649 854 4716 (cf.
892 4651 1139 4701 Huehner
1173 4649 1226 4702 0.
1263 4650 1320 4700 ΙΙ
1343 4665 1399 4717 p.
1424 4650 1554 4716 558)
1597 4648 1922 4700 Tam-aconis
1958 4653 2009 4698 et
2044 4647 2284 4699 coloniae
2317 4648 2611 4698 Fauentiae
2649 4643 2747 4711 (cf.
2787 4643 2922 4693 Plin.

330 4737 407 4804 ,lt-
442 4753 495 4789 n.
529 4739 584 4801 3,
619 4738 716 4803 22)
755 4736 926 4788 Iuliae
960 4736 1238 4800 Augustae
1275 4735 1403 4785 Piae
1439 4733 1535 4799 (cs.
1573 4735 1820 4785 Huebner
1858 4734 1892 4786 l.
1928 4750 1976 4785 c.
2004 4749 2061 4799 p.
2096 4734 2219 4799 599)
2259 4733 2602 4783 Barcinonis.
