3432 5387
586 340 710 398 456
1719 341 1896 411 Caput
1930 341 2022 396 lx„

586 515 647 562 in
687 510 1027 563 Germaniam
1061 514 1390 577 superiorem
1428 510 1580 579 (Tac.
1616 515 1739 564 hist.
1775 516 1822 577 4,
1857 515 1948 580 68,
1995 512 2064 576 cll
2101 513 2257 575 infra
2293 514 2362 566 Ν.
2396 517 2587 580 2286).
2638 543 2720 553 -
2781 516 2842 575 2)
2894 513 3061 563 Iidem
3101 511 3184 570 sm

591 612 779 647 verme
813 600 941 646 sunt
972 611 1140 661 supra
1174 596 1242 649 Ν.
1280 598 1436 649 2028.

589 805 662 865 sti
713 848 727 863 .
776 803 924 863 VIII.

668 823 706 884 p
760 903 1068 954 Scardonae
1104 903 1215 970 (III
1244 904 1374 957 6413
1407 903 1568 953 semel
1601 903 1869 969 descripta
1916 921 2054 956 saec.
2091 904 2312 967 XVIII).
2351 932 2416 943 -—-
2468 908 2513 968 1)
2566 902 2661 965 Cf:
2711 903 2799 956 N.
2843 906 3000 954 2249
3034 907 3131 952 noi.
3161 904 3193 953 1.

760 1021 933 1091 2259
996 1026 1063 1085 Α.
1099 1024 1338 1086 Sentius
1381 1026 1449 1084 A.
1497 1024 1535 1084 f.
1577 1020 1586 1106 Ι
1626 1025 1792 1085 Pom.
1838 1025 2073 1096 Arreti„
2113 1024 2122 1106 Ι
2162 1034 2275 1086 vet.
2321 1024 2433 1105 leg.
2481 1024 2557 1085 XI
2603 1026 2670 1086 h.
2732 1045 2794 1086 S.
2854 1044 2943 1097 e„
2991 1034 3037 1085 t.
3081 1026 3116 1084 s.
3154 1025 3199 1093 i..

593 1123 602 1204 Ι
648 1125 745 1187 hic
776 1135 865 1187 est
909 1126 1140 1187 occisus
1178 1123 1189 1207 Ι
1228 1126 1448 1188 finibus
1479 1124 1986 1209 Varvarilnorum¹
2035 1129 2094 1188 in
2141 1127 2329 1207 agello
2368 1126 2377 1209 Ι
2418 1146 2590 1189 secus
2637 1126 2931 1187 'Titum'
2985 1122 3200 1209 flulmen

594 1228 665 1289 ad
712 1228 941 1289 Petram
982 1228 992 1308 Ι
1032 1228 1317 1305 Longam.
1392 1228 1455 1289 F.
1503 1247 1552 1289 c.
1598 1228 1750 1289 her.²
1786 1225 1797 1309 Ι
1838 1228 1908 1299 Q.
1956 1227 2289 1290 Calventius
2335 1229 2400 1290 L.
2447 1230 2485 1290 s.
2532 1228 2784 1290 vitalis.

761 1327 849 1379 Ad
880 1332 1112 1379 montem
1147 1328 1456 1378 Prominam
1479 1328 1788 1379 Dalmatiae
1823 1344 1952 1394 rep„
1989 1330 2066 1379 ibi
2098 1326 2216 1388 fere
2250 1332 2344 1380 ubi
2366 1326 2479 1390 fuit
2500 1329 2770 1380 Burnum
2817 1329 2956 1389 (III
2985 1328 3116 1379 6448
3145 1326 3201 1376 ed

588 1412 695 1463 duo
733 1413 1094 1478 apographa).
1130 1440 1197 1451 —
1239 1414 1285 1475 1)
1324 1412 1404 1473 Cf.
1442 1414 1578 1467 Ptin.
1613 1415 1663 1465 lo.
1699 1429 1753 1464 n.
1788 1415 1843 1474 5,
1881 1413 1995 1465 159.
2031 1440 2096 1451 —-
2136 1415 2187 1472 2)
2225 1413 2566 1464 Faciundum
2602 1417 2858 1465 curavit
2900 1416 3085 1466 heres.

758 1529 934 1601 2260
1000 1533 1258 1604 Quartus
1290 1533 1526 1595 [ventus
1555 1533 1623 1593 T.
1650 1534 1689 1594 s.
1727 1535 1733 1611 Ι
1768 1533 2093 1595 missicius¹
2127 1533 2238 1613 leg.
2273 1534 2371 1606 xl,
2409 1531 2418 1612 Ι
2449 1553 2590 1595 ann.
2623 1534 2892 1607 XXXV,
2935 1534 2949 1618 Ι
2988 1536 3050 1595 h.
3082 1554 3128 1594 s.
3157 1551 3199 1592 e.

768 1632 985 1684 Salonis
1022 1633 1134 1693 (III
1161 1634 1299 1686 2057
1336 1632 1474 1683 vidit
1497 1632 1828 1694 Mommsen).
1869 1662 1921 1671 —
1971 1637 2019 1699 1)
2056 1634 2209 1685 Hunc
2242 1634 2466 1684 militem
2499 1636 2723 1685 missum
2762 1652 2905 1685 esse
2945 1651 3067 1685 non
3096 1649 3198 1698 per·

590 1714 840 1778 functum
873 1717 1170 1785 stipendiis,
1197 1733 1334 1784 quae
1368 1733 1512 1770 anno
1536 1720 1681 1768 vitae
1701 1715 1904 1768 XXXV
1921 1721 2142 1769 emerita
2167 1735 2275 1769 esse
2297 1734 2407 1770 non
2427 1724 2738 1785 potuerunt,
2779 1720 2904 1770 sed
2926 1736 3010 1768 ex
3034 1732 3199 1779 mma,

589 1800 823 1864 fortasse
853 1809 1081 1870 propter
1106 1806 1365 1869 morbum,
1398 1803 1622 1868 ideoque
1656 1802 1768 1853 dici
1795 1818 1905 1853 non
1929 1807 2255 1867 veteranum,
2287 1803 2381 1854 sed
2413 1807 2718 1870 missicimrq
2755 1807 2864 1854 ait
2886 1803 3196 1854 2Uomsen.

593 1887 836 1939 Ceterum
882 1890 1108 1939 missicii
1151 1888 1466 1940 vocabulum
1509 1891 1684 1937 aetate
1728 1890 2030 1952 primorum
2077 1892 2466 1954 imperatorum
2512 1891 2792 1954 reperitur
2841 1889 3038 1938 semel
3069 1891 3198 1937 aaa

588 1978 909 2039 usurpatum
946 1974 1011 2024 de
1036 1975 1221 2037 milite,
1256 1977 1350 2038 qui
1382 1977 1583 2023 iustum
1619 1987 1901 2022 numerum
1926 1974 2314 2038 stipendiorum
2350 1978 2650 2024 emeruerat
2685 1973 2888 2034 (infra
2917 1973 2995 2026 JV.
3021 1972 3189 2038 2267).

593 2060 720 2108 item
754 2057 915 2109 semel
950 2062 1291 2108 coniunctum
1328 2074 1447 2109 cum
1482 2057 1738 2109 vocabulo
1776 2061 2017 2109 veterani
2053 2055 2229 2122 (infra
2261 2056 2329 2108 Ν.
2354 2058 2540 2124 2521).

591 2262 846 2342 stipend.
886 2260 898 2343 Ι
950 2261 1110 2322 XIIX
1154 2280 1363 2324 anoru.
1403 2259 1414 2343 Ι
1453 2261 1680 2336 XXXV,
1739 2263 1798 2323 h.
1845 2282 1891 2323 s.
1939 2280 1990 2322 e.
2031 2259 2042 2344 Ι
2080 2263 2156 2324 Μ.
2202 2259 2507 2345 Aruntiuls
2566 2263 2768 2325 cosob.
2829 2283 2979 2325 cur.
3023 2265 3038 2344 Ι
3077 2261 3180 2341 egi.

760 2361 1099 2427 Moguntiaci
1134 2362 1459 2425 (Brambach
1494 2363 1662 2430 1171).
1696 2390 1765 2401 -
1816 2364 1868 2424 1)
1921 2361 2085 2413 Tribu
2132 2362 2394 2428 Voltinia,
2441 2364 2597 2414 domo
2633 2364 2780 2415 Foro
2825 2365 3042 2416 Fulvii
3083 2360 3172 2423 (es.

592 2447 645 2499 C.
673 2447 808 2514 Vp.
833 2450 973 2509 860).
999 2476 1061 2485 -
1101 2449 1152 2513 2)
1177 2448 1343 2512 Legio
1375 2447 1580 2499 decima
1617 2451 1778 2499 tertia
1803 2446 2078 2515 (Gemina)
2115 2446 2228 2509 fuit
2259 2451 2320 2498 in
2348 2448 2634 2499 Germania
2670 2464 2813 2499 anno
2849 2466 2905 2515 p.
2955 2449 3084 2501 Cltr.
3119 2447 3171 2496 14

589 2531 744 2593 (Tac.
781 2549 832 2587 a.
867 2534 916 2596 1,
951 2533 1075 2598 87),·
1113 2536 1329 2599 postea,
1378 2537 1503 2584 ante
1538 2549 1589 2585 a.
1622 2535 1712 2598 69,
1758 2530 2022 2584 translata
2059 2537 2136 2583 est
2171 2536 2229 2582 in
2262 2534 2623 2596 Pannonian,
2669 2534 2766 2584 ubi
2810 2537 3028 2585 stativa
3061 2535 3167 2580 eins

586 2616 815 2678 fuerunt
835 2619 1154 2670 Poetovione
1180 2617 1331 2681 (Tac.
1358 2620 1477 2670 hiet.
1513 2620 1567 2681 5,
1593 2618 1666 2686 1).
1719 2615 1798 2678 Cs'.
1835 2615 1988 2679 infra
2012 2616 2079 2670 N.
2103 2619 2262 2672 2530.
2313 2617 2760 2670 Commorationis
2782 2621 2844 2668 in
2873 2618 3164 2670 Germania

582 2708 870 2770 praeterea
907 2703 1115 2756 nullum
1151 2705 1526 2756 documentum
1562 2703 1786 2769 reliquit
1819 2706 1950 2764 (nisi
1983 2703 2216 2765 fortasse
2251 2705 2459 2769 tegulas
2493 2720 2579 2769 ap.
2605 2705 2910 2756 Brambaclu
2944 2704 3084 2756 4377
3102 2701 3162 2762 d;

586 2792 828 2842 velerani
862 2795 940 2840 eet
974 2793 1137 2841 inser.
1175 2790 1318 2840 Helu.
1355 2790 1496 2852 267).

763 2891 939 2962 2262
1003 2895 1134 2954 Sec.
1167 2894 1380 2954 Metius
1412 2892 1471 2953 C.
1512 2891 1522 2973 Ι
1564 2894 1603 2951 f.
1637 2892 1724 2952 St.
1758 2891 1821 2952 F.
1853 2891 1980 2952 vibi
2000 2893 2036 2964 ¹,
2075 2892 2085 2972 Ι
2125 2885 2291 2976 mi[l.]
2331 2892 2342 2969 Ι
2380 2891 2491 2972 leg.
2525 2891 2741 2962 XIIII',
2774 2910 2916 2954 ann.
2950 2893 2959 2974 Ι
2994 2939 3010 2952 .
3047 2938 3062 2952 .
3095 2936 3108 2948 .
3139 2935 3150 2947 .

768 2993 984 3044 Castelli
1039 2993 1421 3043 Mattiacorum
1474 2990 1703 3054 (Kastel)
1762 3006 1929 3057 prope
1980 2991 2385 3056 Moguntiacum
2441 2991 2768 3058 (Brambaclz
2821 2993 2956 3045 1539
2999 2989 3152 3042 semel

589 3079 859 3143 descripta
906 3091 1043 3128 saec.
1088 3077 1314 3144 XVIII).
1359 3105 1427 3114 —
1476 3078 1525 3139 1)
1588 3074 1754 3126 Tribu
1802 3075 2118 3138 Stellatina,
2163 3078 2317 3128 domo
2365 3077 2515 3129 Foro
2562 3077 2687 3128 Vibi
2735 3076 2964 3141 (Forum
3010 3075 3152 3128 Vibii

595 3162 925 3226 Caburrum,
975 3161 1131 3211 hodie
1169 3160 1405 3222 Οαυοιιν,
1452 3161 1547 3210 sub
1585 3160 1813 3226 Alpibus
1850 3158 2064 3226 cottiis,
2111 3159 2182 3221 cf.
2222 3161 2276 3214 C.
2313 3161 2443 3228 Vp.
2476 3161 2627 3227 825).
2662 3190 2730 3198 —
2777 3164 2828 3225 2)
2875 3164 3148 3213 Praeterea

588 3246 884 3298 multorum
945 3245 1180 3296 aliorum
1224 3245 1458 3295 militum
1510 3245 1738 3311 legionis
1782 3246 2019 3296 decimae
2067 3250 2292 3311 quartae
2337 3248 2614 3312 epitaphia
2659 3245 2996 3312 Moguntiaci
3033 3262 3149 3313 pro-

588 3331 836 3393 dierunt,
904 3330 1000 3380 sed
1055 3333 1114 3380 in
1172 3331 1253 3380 liis
1314 3331 1560 3382 omnibus
1613 3332 1860 3396 (excepto
1918 3331 2032 3381 solo
2086 3332 2245 3382 titulo
2300 3332 2440 3384 edito
2503 3331 3007 3399 It'orrespondcnzbl.
3057 3331 3144 3381 da·

588 3417 768 3470 westd.
820 3416 1081 3468 Zeitscltr.
1116 3418 1167 3481 8,
1203 3417 1332 3467 1889
1372 3431 1427 3481 ρ.
1463 3417 1588 3480 245)
1641 3417 1778 3480 legio
1829 3416 2136 3482 appellatur
2181 3422 2279 3468 aut
2322 3416 2448 3468 XIV
2486 3417 2708 3468 Gemina
2757 3416 2844 3483 (ut
2889 3420 3044 3467 etiam
3086 3418 3139 3464 in

587 3503 860 3570 epitaphio
898 3501 1041 3567 quod
1076 3502 1288 3552 videtur
1321 3517 1430 3551 esse
1465 3499 1663 3562 fratris
1698 3502 1861 3550 huius
1895 3501 2010 3555 Sec.
2044 3501 2213 3564 Metii,
2251 3501 2550 3552 Brambaclz
2575 3501 2729 3552 1179.·
2764 3501 2857 3562 Qu.
2892 3500 3092 3554 Mettius
3124 3502 3134 3563 Ι

588 3587 640 3639 G.
679 3588 715 3640 s.
752 3587 880 3640 Stel.
916 3587 1029 3639 For.
1063 3586 1071 3652 Ι
1103 3585 1239 3650 Vibi,
1285 3586 1391 3638 mil.
1429 3585 1529 3651 leg.
1561 3591 1569 3650 Ι
1600 3584 1730 3636 XIIII
1765 3584 1924 3651 Gem.‚
1962 3600 2080 3638 ann.
2111 3588 2119 3648 Ι
2150 3585 2288 3636 XXX
2332 3586 2452 3652 stip.
2493 3584 2592 3651 Vn,
2623 3587 2632 3651 Ι
2665 3586 2715 3638 h.
2751 3601 2793 3638 S.
2830 3602 2903 3645 e.;
2933 3585 2942 3654 Ι
2975 3587 3135 3638 frenes

590 3671 598 3737 Ι
642 3686 733 3738 pro
781 3671 974 3737 pietate
1018 3669 1027 3738 Ι
1071 3670 1120 3723 d.
1156 3671 1204 3725 d.
1242 3673 1327 3738 8.),
1377 3676 1474 3722 aut
1507 3670 1640 3722 XIV
1681 3671 1903 3722 Gemina
1952 3669 2154 3721 Martia
2191 3671 2427 3724 Victrix.
2505 3669 2672 3734 Legio
2721 3670 2925 3721 decima
2961 3674 3137 3736 quarta

590 3755 813 3806 Gemina
860 3755 1198 3819 Moguntiaci
1244 3760 1391 3808 stetit
1438 3762 1578 3807 certe
1625 3756 1752 3806 inde
1808 3757 1875 3806 ab
1925 3758 2180 3806 extremis
2224 3757 2552 3820 temporibus
2596 3757 2834 3820 Aug-usti
2877 3771 3038 3822 mque
3075 3753 3137 3803 ad

590 3839 890 3902 Claudium,
927 3842 1141 3902 iterum,
1179 3856 1299 3891 cum
1321 3844 1379 3892 in
1407 3843 1700 3893 Britannia
1728 3844 2079 3906 cognomenta
2106 3839 2339 3891 Martiae
2375 3845 2428 3889 et
2463 3842 2703 3891 victricis
2726 3842 2832 3891 sibi
2851 3842 3135 3907 peperisset,

586 3924 713 3975 inde
748 3925 815 3975 ab
851 3940 994 3976 anno
1029 3926 1093 3976 70
1132 3924 1283 3992 (Tac.
1321 3929 1440 3978 hist.
1475 3930 1527 3988 ὅ,
1564 3927 1650 3993 19)
1688 3943 1856 3992 mque
1890 3926 1964 3976 ad
1997 3930 2240 3991 tempora
2277 3926 2578 3975 Domitiani
2613 3929 2675 3975 ut
2712 3926 2942 3978 videtur.

597 3998 3133 4111 m

587 4150 864 4195 aetorum
904 4131 915 4213 Ι
957 4126 1185 4216 v[1111]‚
1230 4133 1289 4193 h.
1333 4153 1380 4194 s.
1427 4151 1479 4192 e.

763 4234 826 4283 In
866 4232 1045 4284 Gallia
1081 4249 1211 4299 rep„
1256 4234 1315 4282 in
1350 4232 1550 4296 finibus
1583 4233 1913 4298 Biturigum,
1951 4232 2024 4282 ad
2057 4235 2233 4282 vicum
2269 4229 2431 4282 Niris
2468 4230 2540 4280 les
2575 4231 2769 4296 Baius,
2804 4235 2899 4283 ubi
2931 4230 3136 4292 suerunt

586 4318 773 4383 Aquae
806 4316 942 4369 Neri
990 4318 1077 4384 (de
1113 4318 1322 4384 Laigue
1364 4315 1642 4369 memoires
1684 4318 1772 4368 des
1807 4320 2144 4382 antiquaires
2178 4317 2243 4367 de
2278 4317 2492 4367 France
2526 4318 2605 4380 49,
2639 4317 2775 4367 1888
2811 4333 2872 4382 p.
2905 4317 3035 4379 176).
3078 4340 3134 4351 -

589 4406 638 4468 1)
681 4401 871 4454 Tribus
904 4405 1172 4456 Aniensis.
1212 4432 1270 4440 -
1312 4405 1363 4467 2)
1402 4403 1569 4469 Legio
1606 4403 1811 4454 decima
1850 4408 2046 4468 quarta
2087 4401 2309 4453 Gemina
2353 4401 2671 4452 Germaniae
2705 4403 3016 4466 superioris.

763 4502 937 4575 2264
1001 4507 1067 4568 L.
1116 4508 1377 4570 Oclatius
1422 4504 1942 4588 Tarlquiniensis¹,
1988 4516 2100 4568 vet.
2142 4505 2153 4585 Ι
2193 4507 2305 4586 leg.
2351 4506 2500 4578 ΧΨ,
2546 4507 2603 4567 h.
2650 4525 2697 4566 s.
2743 4524 2795 4565 e.
2848 4503 2860 4585 Ι
2913 4505 2981 4565 Τ.
3026 4501 3132 4563 Cal·

587 4606 867 4691 ventius'
919 4609 987 4670 T.
1050 4609 1089 4669 f.
1150 4619 1260 4671 vet.
1319 4609 1431 4689 leg.
1491 4609 1657 4669 v111²
1706 4606 1715 4688 Ι
1769 4618 1828 4670 et
1887 4604 2166 4692 chIJatia
2212 4608 2276 4669 L.
2335 4608 2373 4668 1.
2421 4607 2432 4688 Ι
2484 4607 2801 4687 Expectata
2859 4608 2931 4668 de
2981 4604 2991 4687 Ι
3040 4621 3129 4666 suo

585 4720 936 4792 posuerunt.
