3432 5387
565 409 689 467 400
1704 405 1884 475 Caput
1919 405 2015 459 IX.

565 609 866 671 veterana,
908 600 982 677 (5)
1020 599 1043 657 1
1091 600 1405 668 Asturum,
1453 597 1525 673 (6)
1574 597 1626 657 11
1672 596 2128 674 Aquitanorum,
2176 596 2252 674 (7)
2299 595 2351 655 11
2386 595 2724 676 Cyrenaica,
2774 599 2872 672 (8)
2923 596 2980 655 ΙΙ
3036 595 3192 659 Rae-

565 711 781 775 torum,
828 703 899 776 (9)
946 700 1024 761 111
1073 700 1490 771 Delmatarum,
1537 699 1639 775 (10)
1684 697 1765 759 ΙΙΙ
1813 707 1872 759 et
1914 700 2021 774 (11)
2042 682 2156 757 nii
2198 698 2651 775 Aquitanorum,
2700 700 2812 777 (12)
2859 699 2989 759 un
3046 701 3192 760 Vin·

571 803 833 874 delicor.,
880 800 987 879 (13)
1033 803 1077 861 V
1126 802 1556 873 Delmatarum,
1603 803 1705 878 (14)
1742 784 1857 861 V—ll
1899 799 2272 871 Raetorum⁸,
2331 818 2484 878 quae
2528 811 2670 862 sunt
2713 803 2773 864 in
2835 803 3195 863 Germania

575 905 884 983 superiore
928 903 1039 965 sub
1090 898 1226 987 [L.]
1273 902 1548 964 Iavoleno
1595 903 1855 976 Prisco⁴,
1902 903 2042 962 item
2087 901 2340 963 dimissis
2385 902 2631 965 honesta
2678 906 3008 966 missione
3060 906 3194 982 qui·

567 1008 659 1067 nis
718 1015 777 1066 et
829 1007 1054 1067 vicenis
1111 1005 1452 1085 pluribusve
1509 1004 1818 1082 stipendiis
1863 1004 2154 1069 emeritis.
2214 1022 2469 1083 quorum
2516 1006 2759 1067 nomina
2804 1007 3194 1087 subscripta

564 1119 737 1170 sunt:
796 1108 940 1189 ipsis
998 1108 1203 1169 liberis
1260 1106 1637 1187 posterisque
1694 1124 1904 1167 eorum
1963 1105 2248 1166 civitatem
2308 1104 2469 1166 dedit
2525 1116 2586 1167 et
2629 1108 2998 1169 conubium
3051 1128 3191 1169 cum

569 1209 885 1283 uxoribus,
943 1228 1088 1288 quas
1134 1218 1278 1270 tunc
1323 1207 1670 1268 habuissent
1730 1226 1865 1268 cum
1912 1216 2000 1268 est
2045 1207 2245 1268 civitas
2291 1207 2361 1268 iis
2406 1207 2568 1282 data,
2614 1219 2715 1271 aut
2758 1211 2807 1272 si
2864 1211 2993 1289 qui
3049 1228 3190 1271 cae-

571 1310 720 1372 libes
764 1322 980 1383 essent,
1028 1328 1161 1370 cum
1210 1310 1279 1370 iis
1312 1328 1457 1388 quas
1487 1319 1687 1388 postea
1720 1310 2025 1370 duxissent
2056 1310 2358 1370 dumtaxat
2386 1309 2603 1389 singuli
2636 1312 2946 1392 singulas.
3021 1313 3100 1372 Α.
3132 1313 3188 1371 d.

570 1400 651 1474 ῨῙ
690 1415 747 1475 k.
794 1411 1110 1474 Novembr.
1198 1410 1369 1473 Albio
1416 1410 1720 1471 Pullaieno
1768 1409 2053 1482 Pollione,
2100 1410 2208 1471 Cn.
2257 1410 2542 1490 Pompeio
2586 1412 2871 1491 Longino
2932 1416 3107 1477 cos.⁸

746 1515 975 1576 cohort.
1028 1498 1080 1573 l—
1113 1514 1544 1594 Aquitanorum
1592 1522 1924 1583 veteranae,
1972 1513 2065 1573 cui
2112 1522 2311 1591 praest
2355 1513 2430 1573 M.
2465 1514 2786 1577 Arrecinus
2817 1515 3182 1586 Gemellus,

573 1618 789 1696 equiti:
837 1616 1140 1696 Mucapori
1186 1615 1530 1694 Eptacentis
1574 1616 1612 1673 f.
1660 1613 1872 1674 Thrac.

737 1720 1110 1799 Descriptum
1157 1728 1217 1778 et
1261 1716 1634 1795 recognitum
1681 1735 1751 1776 ex
1797 1714 1998 1776 tabula
2042 1733 2255 1789 aenea,
2314 1735 2464 1796 quae
2510 1718 2621 1778 fixa
2670 1726 2760 1780 est
2805 1719 3068 1781 Romae
3117 1720 3177 1779 in

569 1840 742 1883 muro
795 1831 932 1901 post
976 1822 1260 1902 templum
1306 1820 1419 1880 divi
1467 1819 1614 1896 Aug.
1662 1818 1733 1878 ad
1782 1818 2155 1881 Minervam.⁶
2241 1818 2311 1889 Q.
2359 1820 2513 1881 Muci
2559 1821 2900 1899 Augustalis
2956 1857 3048 1867 —
3107 1821 3173 1881 L.

572 1924 721 1984 Pulli
768 1923 1101 1983 verecundi
1147 1958 1231 1967 -—
1275 1921 1337 1981 C.
1388 1920 1624 1982 Lucreti
1672 1920 1919 1980 Modesti
1952 1954 2031 1964 ——
2065 1919 2127 1981 C.
2176 1919 2424 1999 Pompei
2469 1920 2772 2001 Eutrapeli
2812 1960 2901 1969 —
2936 1924 3014 1985 C.
3053 1924 3170 1985 luli

575 2026 893 2087 Clementis
936 2058 1019 2068 —
1065 2022 1136 2093 Q.
1176 2021 1326 2080 Vetti
1375 2021 1576 2083 Octavi
1621 2056 1704 2066 —
1751 2022 1816 2082 L.
1867 2022 2013 2082 Pulli
2060 2022 2310 2082 Ianuari.

737 2142 1050 2206 Diptyclzon
1087 2153 1325 2201 aeneum,
1359 2154 1469 2202 rep.
1496 2138 1833 2201 Mogontiaci
1855 2138 2016 2203 (Eph.
2043 2155 2120 2203 ep.
2143 2141 2178 2189 ὅ
2212 2154 2264 2203 p.
2289 2139 2434 2205 652).
2459 2168 2527 2176 —
2555 2143 2603 2203 1)
2640 2140 2704 2193 A.
2727 2143 2810 2194 90.
2833 2170 2906 2179 -
2932 2144 2992 2203 2)
3030 2140 3168 2192 Tres

567 2245 638 2277 σω
674 2229 756 2277 bis
792 2225 895 2276 alis
928 2225 1153 2275 redeunt
1187 2238 1352 2287 supra
1379 2221 1447 2273 Ν.
1473 2223 1617 2274 4995.
1689 2222 1794 2273 Ata
1825 2226 2005 2288 prima
2040 2224 2401 2287 singularium
2432 2230 2714 2288 praeterea
2749 2227 2808 2274 in
2848 2224 3164 2275 Germania

568 2329 677 2363 non
701 2314 914 2377 reperta
951 2314 1041 2372 est,
1076 2310 1350 2373 reperitur
1372 2310 1432 2358 in
1455 2307 1661 2372 Raetia,
1694 2310 1932 2373 primum
1968 2325 2018 2359 a.
2042 2308 2136 2359 407
2172 2307 2347 2368 (infra
2373 2307 2440 2358 N.
2463 2309 2646 2375 2002).
2675 2336 2732 2346 —
2764 2311 2814 2372 3)
2850 2310 3167 2375 Pleraeque

565 2415 635 2449 ecc
658 2400 742 2448 lu's
766 2398 1071 2448 cohortibus
1093 2393 1319 2444 redeunt
1342 2396 1401 2443 in
1425 2395 1894 2444 constitutionibus
1918 2396 2051 2443 anni
2073 2393 2132 2443 74
2160 2397 2210 2442 et
2234 2395 2369 2444 anni
2389 2394 2460 2444 82
2486 2394 2675 2458 (supra
2700 2392 2767 2443 Ν.
2793 2393 2944 2445 4992.
2967 2395 3115 2446 1995
3106 2395 3160 2460 )‚

563 2486 742 2549 prima
770 2482 964 2533 Flavia
1002 2481 1459 2530 Damascenorum
1495 2482 1546 2527 et
1572 2481 1757 2544 prima
1793 2478 2180 2544 Delmatarum‚
2218 2494 2353 2543 quae
2388 2480 2466 2527 ibi
2502 2478 2891 2540 desiderantur,
2930 2482 2993 2529 in
3024 2494 3154 2528 con·

565 2572 846 2618 stitutione
870 2583 917 2618 a.
946 2567 1052 2617 446.
1103 2562 1182 2625 Cr.
1209 2565 1273 2615 de
1298 2565 1605 2614 cohortibus
1629 2566 1899 2613 coeercitus
1928 2563 2245 2614 Germaniae
2269 2565 2565 2629 superioris
2590 2563 2912 2614 Hammeran
2943 2562 3150 2617 Westd.

570 2654 828 2706 Zeitschr.
853 2654 882 2703 4
911 2668 967 2717 p.
992 2652 1103 2703 484.
1127 2679 1195 2689 -
1220 2653 1272 2713 4)
1300 2648 1381 2710 Cf.
1420 2663 1585 2714 supra
1612 2647 1679 2700 N.
1704 2649 1849 2700 4045.
1875 2677 1941 2686 -
1967 2650 2018 2713 5)
2041 2649 2110 2701 27
2139 2648 2248 2700 Oct.
2276 2650 2397 2711 (90;
2432 2648 2709 2700 consulum
2730 2665 2835 2715 par
2855 2654 3149 2714 praeterea

566 2743 811 2803 ignotum
822 2756 841 2801 ;
877 2738 1014 2788 alter
1037 2754 1107 2787 ea:
1132 2740 1222 2802 eis,
1261 2737 1353 2788 Cn.
1379 2737 1658 2800 Pompeius
1682 2735 1982 2799 Longinus,
2019 2751 2069 2784 a.
2102 2737 2168 2787 86
2205 2734 2416 2798 legatus
2447 2732 2635 2794 fuerat
2671 2735 2927 2795 Iudaeae,
2970 2735 3024 2786 C.
3067 2733 3151 2784 ΙΙΙ

565 2840 619 2889 p.
654 2825 794 2889 857).
828 2851 899 2861 —
945 2825 995 2886 6)
1031 2822 1113 2872 De
1148 2822 1340 2885 templo
1377 2821 1492 2870 divi
1525 2822 1765 2885 Augusti
1797 2822 1903 2869 sito
1953 2822 2012 2869 in
2048 2820 2258 2870 Palatio
2285 2817 2477 2880 sorum
2521 2835 2733 2881 versus,
2778 2835 2918 2884 pone
2954 2819 3142 2870 aedem

570 2908 863 2972 Castorum,
883 2923 1052 2972 prope
1088 2906 1338 2971 templum
1365 2905 1642 2955 Minervae
1666 2922 1698 2954 a
1730 2905 2034 2955 Domitiano
2061 2905 2315 2968 dicatum,
2351 2902 2421 2965 cll
2448 2905 2662 2954 Henzen
2686 2910 2788 2959 act.
2813 2905 2943 2955 Arv.
2972 2921 3028 2970 p.
3055 2905 3144 2954 55.

572 2992 632 3042 ln
666 3008 821 3041 muro
859 2993 1041 3057 aliquo
1077 2994 1199 3056 post
1231 2991 1292 3041 id
1326 2990 1579 3053 templum
1614 2993 1716 3039 sito
1755 2994 1980 3055 apparet
2011 2992 2346 3055 propositam
2385 3006 2493 3039 esse
2528 2991 2667 3041 hanc
2703 2991 3140 3039 constitutionem

569 3093 713 3127 anno
747 3080 828 3137 90,
864 3079 989 3126 item
1029 3076 1271 3140 deinceps
1306 3074 1547 3139 reliquas
1583 3089 1762 3124 omnes
1800 3076 1959 3126 liuius
1976 3077 2226 3140 generis;
2261 3078 2438 3137 antea,
2475 3079 2615 3124 certe
2649 3090 2814 3139 usque
2839 3074 2913 3124 ad
2933 3087 3138 3124 annum

567 3164 631 3211 86
669 3161 748 3226 (C.
788 3161 874 3212 11!
902 3177 954 3226 p.
992 3162 1115 3222 837)
1159 3161 1568 3209 constitutiones
1603 3160 1763 3209 huius
1792 3162 2011 3224 generis
2041 3160 2484 3224 proponebantur
2519 3163 2578 3209 in
2616 3159 2899 3224 Capitolio.

737 3326 906 3396 1999
991 3329 1132 3406 imp.
1194 3327 1405 3388 Caesar
1473 3329 1586 3389 divi
1654 3331 1877 3390 Nervae
1935 3332 1973 3390 f.
2034 3331 2219 3390 Nerva
2274 3329 2563 3391 Traianus
2629 3330 2930 3407 Augustus
2988 3329 3132 3390 Ger-

570 3432 839 3493 manicus
880 3431 1145 3512 pontifex
1194 3430 1512 3503 maximus,
1571 3431 1850 3492 tribunic.
1896 3441 2170 3510 potestat.
2220 3430 2350 3504 111¹,
2409 3450 2530 3492 cos.
2580 3430 2661 3505 ΙΙ,
2710 3451 2767 3510 p.
2815 3452 2908 3510 p.,
2968 3433 3134 3510 equi-

570 3535 730 3596 tibus
775 3545 835 3595 et
878 3534 1192 3614 peditibus,
1254 3534 1352 3612 qui
1401 3534 1656 3593 militant
1698 3534 1757 3594 in
1808 3534 1913 3594 alis
1960 3533 2149 3593 tribus
2194 3542 2253 3593 et
2298 3532 2644 3594 cohortibus
2685 3543 2933 3612 septem,
2987 3552 3132 3614 quae

573 3637 944 3716 appellantur
992 3637 1066 3713 (1)
1114 3637 1134 3697 1
1181 3637 1459 3697 Asturum
1507 3644 1565 3695 et
1610 3635 1683 3712 (2)
1745 3635 1764 3695 l
1814 3635 2004 3696 Flavia
2051 3635 2429 3695 Gaetulorum
2477 3644 2538 3696 et
2588 3640 2662 3711 (3)
2707 3634 2731 3694 1
2781 3636 3128 3716 vespasiana

573 3737 1013 3808 Dardanorum,
1074 3749 1131 3799 et
1175 3742 1252 3815 (1)
1302 3738 1324 3798 1
1372 3737 1695 3816 Lepidiana
1746 3755 1795 3797 c.
1845 3737 1912 3797 R.
1958 3745 2016 3796 et
2058 3738 2134 3814 (2)
2182 3736 2204 3796 l
2248 3736 2564 3816 Tyriorum
2609 3746 2670 3797 et
2712 3738 2787 3814 (3)
2833 3737 2856 3797 l
2903 3738 3128 3800 Lusita-

578 3856 790 3898 norum
839 3839 1155 3918 Cyrenaica
1202 3849 1259 3899 et
1303 3841 1377 3915 (4)
1422 3838 1472 3898 ΙΙ
1508 3837 1697 3899 Flavia
1732 3838 2066 3899 Brittonum
2115 3847 2173 3898 et
2218 3837 2297 3918 (5)
2332 3837 2383 3898 ΙΙ
2416 3838 2912 3901 Chalcidenorum
2957 3851 3016 3900 et
3061 3845 3132 3915 (6)

569 3939 649 4000 111
694 3951 753 4000 et
797 3945 875 4017 (τ)
906 3940 1003 4001 v11
1038 3940 1357 4012 Gallorum,
1408 3950 1468 4000 et
1512 3940 1680 4000 classi
1698 3941 1738 4014 ²,
1786 3950 1845 4000 et
1879 3949 2022 4001 sunt
2050 3940 2109 3999 in
2144 3939 2362 4001 Moesia
2397 3939 2676 4000 inferiore
2708 3940 2820 4001 sub
2853 3941 2925 4012 Q.
2960 3943 3128 4003 Pom-

566 4044 750 4122 ponio
798 4042 985 4116 Rufo,
1031 4043 1169 4104 item
1218 4043 1470 4103 dimissis
1514 4042 1764 4102 honeste
1811 4041 2121 4114 missione,
2169 4041 2270 4120 qui
2316 4042 2496 4119 quina
2543 4049 2602 4102 et
2645 4042 2848 4103 vicena
2894 4044 3129 4122 plurave

570 4145 860 4224 stipendia
904 4153 1271 4218 meruerunt,
1319 4162 1576 4223 quorum
1623 4145 1864 4206 nomina
1909 4143 2242 4223 subscripta
2287 4152 2457 4204 sunt:
2505 4143 2648 4224 ipsis
2692 4142 2894 4207 liberis
2936 4156 3130 4225 poste-

572 4247 770 4324 risque
816 4265 1024 4308 eorum
1070 4246 1360 4308 civitatem
1406 4246 1566 4306 dedit
1611 4258 1669 4307 et
1714 4246 2035 4308 conubium
2069 4263 2203 4306 cum
2253 4244 2556 4318 uxoribuS,
2595 4263 2739 4323 quas
2772 4256 2917 4307 tunc
2947 4246 3130 4308 habu-

573 4349 761 4408 issent
806 4367 939 4409 cum
998 4357 1088 4409 est
1145 4348 1344 4409 civitas
1401 4348 1470 4409 iis
1528 4348 1693 4421 data,
1740 4359 1854 4416 aut
1883 4348 1929 4410 si
1975 4347 2077 4426 qui
2124 4346 2375 4408 caelibes
2421 4357 2646 4419 essent,
2694 4366 2827 4407 cum
2876 4348 2945 4410 iis
2990 4366 3132 4427 quas

576 4459 777 4528 postea
823 4450 1129 4511 duxissent
1172 4450 1471 4511 dumtaxat
1516 4449 1735 4528 singuli
1782 4450 2062 4528 singulas.
2137 4450 2204 4508 A.
2252 4449 2307 4508 d.
2357 4446 2486 4507 XIX
2532 4448 2589 4507 k.
2638 4448 2802 4528 Sept.
2850 4450 2921 4521 Q.
2953 4450 3128 4511 Fabio

573 4549 851 4625 Barbare,
897 4554 962 4612 A.
1012 4552 1261 4613 Caecilio
1308 4551 1587 4612 Faustino
1634 4553 1778 4611 cos,⁴

744 4669 865 4729 alae
913 4670 937 4730 1
980 4673 1290 4740 Asturum,
1347 4671 1442 4731 cui
1496 4681 1689 4749 praest
1740 4670 1826 4729 Ti.
1876 4669 2057 4728 lulius
2101 4669 2187 4729 Ti.
2237 4671 2274 4728 f.
2322 4669 2470 4746 Pup.
2518 4667 2819 4746 Agricola,
2877 4669 3125 4748 gregali:

544 4767 783 4860 ‘Metico
830 4771 999 4832 Solae
1047 4774 1108 4846 s.,
1153 4773 1354 4832 Besso.
