3432 5387
915 460 1087 515 Tituli
1122 460 1361 515 virorum
1396 459 1780 515 nonnullorum
1814 460 1872 513 in
1907 459 2106 515 litteris
2143 460 2431 515 clarorum.
2828 459 2950 521 579

398 636 494 696 lex
531 633 541 715 Ι
579 633 880 713 dignitatis
924 632 1272 711 incipere12,
1319 640 1676 711 praeceptor
1720 630 1942 692 fraudis
1984 633 2226 709 ignarus
2271 641 2331 692 et
2373 631 2527 693 intra
2572 631 2750 694 breve
2792 633 2961 719 teml-

399 756 514 817 pus
581 736 891 797 universae
955 734 1235 815 patriciae
1304 733 1494 796 soboli
1552 734 1772 809 lectus,
1844 732 2124 812 magister
2179 734 2552 812 eloquentiae
2608 735 2686 797 ita
2745 737 2962 814 inimii-

400 838 594 900 tabilis
636 838 873 899 saeculo
918 855 1046 911 suc,
1093 846 1160 897 ut
1201 844 1430 897 tantum
1473 834 1718 898 veterib.
1762 834 1950 914 possit
1991 836 2249 912 aequari.

505 940 508 947 k
569 954 784 1018 Romae,
817 954 1186 1018 sarcophagus
1222 952 1330 1015 (VI
1356 954 1491 1005 9858
1535 953 1825 1004 delineavit
1870 952 1934 1003 de
1968 950 2121 1003 Rossi
2162 951 2288 1003 butt.
2326 954 2472 1004 crist.
2507 952 2555 1014 4,
2589 952 2725 1006 4863
2763 971 2818 1021 p.
2854 955 2963 1021 45).

401 1069 467 1079 —
497 1042 545 1106 1)
566 1040 740 1091 Extat
763 1037 989 1105 epistula
1016 1038 1334 1104 Hieronymi
1348 1028 1448 1088 ‘ad
1467 1038 1728 1103 Magnum
1754 1040 2021 1088 oratorem
2045 1039 2195 1087 urbis
2216 1028 2440 1087 Romae'
2477 1037 2718 1098 (Hieron.
2756 1056 2834 1105 ep.
2857 1040 2965 1105 70),

400 1128 540 1176 hunc
575 1127 748 1191 ipsum
782 1126 899 1173 sine
933 1123 1111 1174 dubio.
1169 1121 1428 1187 Magnum
1466 1125 1819 1173 christianam
1852 1121 2013 1183 fidem
2039 1119 2348 1187 professum
2390 1139 2498 1173 esse
2531 1138 2601 1173 ex
2636 1123 2962 1192 Hieronymo

401 1214 642 1277 apparet.
678 1238 744 1248 —
783 1210 835 1273 2)
872 1207 1103 1259 Videtur
1137 1208 1235 1271 agi
1269 1207 1334 1257 de
1369 1207 1633 1271 dignitate
1669 1206 1919 1273 quadam,
1967 1222 2000 1256 a
2035 1210 2225 1257 senatu
2259 1209 2318 1257 in
2366 1209 2508 1258 hunc
2548 1209 2817 1260 rhetorem
2848 1213 2964 1276 pri-

399 1310 542 1345 mum
567 1293 779 1346 collata.
826 1291 1044 1343 Bossius
1069 1294 1275 1355 accepit
1309 1291 1372 1342 de
1399 1294 1652 1342 comitiva
1680 1295 1854 1357 primi
1890 1290 2112 1353 ordinis,
2148 1308 2181 1342 a
2213 1289 2505 1343 Theodosio
2540 1295 2753 1345 iuniore
2787 1312 2837 1346 a.
2859 1296 2962 1348 425

397 1378 793 1445 professoribus
840 1380 900 1427 in
944 1377 1077 1427 urbe
1116 1375 1710 1441 Constantinopolitano
1758 1376 2067 1428 docentibus
2101 1377 2309 1426 tributa
2345 1374 2485 1442 (cod.
2536 1376 2583 1428 T
2578 1378 2727 1430 heod.
2762 1382 2810 1441 6,
2843 1380 2962 1445 24).

566 1529 741 1602 2952
805 1532 1117 1594 Ennodius
1159 1533 1334 1594 vatis¹
1382 1533 1532 1595 lucis
1576 1531 1875 1594 rediturus
1920 1532 1980 1591 in
2028 1540 2163 1592 ortu

894 1635 1011 1696 hoc
1054 1636 1257 1714 posuit
1299 1635 1526 1698 tumulo
1574 1635 1846 1714 corporis
1891 1635 2150 1696 exubiae.

812 1736 1016 1797 Clarus
1059 1737 1228 1817 prole
1275 1738 1533 1816 quidem,
1578 1736 1927 1817 generosior
1970 1736 2098 1816 ipse
2140 1735 2513 1816 propinquiS‚

897 1857 1046 1916 quos
1091 1840 1367 1901 functus²
1411 1839 1646 1899 laudum
1695 1838 1863 1900 iussit
1908 1838 2124 1899 babere
2170 1837 2343 1898 diem.

808 1940 1096 2002 Reddedit
1139 1943 1248 2002 hos
1293 1943 1456 2003 caelo
1500 1940 1799 2002 vivacibus
1844 1940 1939 2001 ille
1984 1940 2207 2018 figuris,

894 2060 1026 2104 cum
1073 2044 1213 2104 fecit
1258 2044 1443 2103 famae
1488 2042 1682 2103 vivere
1727 2041 2079 2121 conloquiis.

808 2142 958 2213 Quid
1006 2147 1221 2208 mirum
1265 2145 1314 2207 si
1361 2154 1551 2206 morte
1597 2153 1762 2206 caret
1804 2152 1938 2224 post
1982 2141 2152 2204 busta
2198 2144 2504 2222 superstiS,

893 2249 993 2325 qui
1040 2248 1521 2325 consanguineos
1565 2247 1823 2308 restituit
1865 2241 2141 2326 superis?

809 2348 1097 2425 quantos³
1143 2349 1252 2408 iste
1299 2350 1472 2422 foret,
1519 2348 1728 2409 mundi
1771 2346 2169 2409 caelebrator⁴
2213 2346 2273 2407 in
2318 2346 2552 2420 ᾗσι-ω’,

900 2465 1009 2506 nec
1055 2448 1188 2507 silet
1233 2449 1462 2508 occidui
1510 2448 1765 2508 cardinis
1810 2467 2087 2509 oceanus.

809 2547 1128 2608 Scismata⁶
1172 2550 1484 2609 coniunxit
1528 2549 1752 2608 dudum
1800 2548 2090 2608 discordia
2134 2547 2249 2624 legi

893 2650 1084 2728 adque
1129 2649 1303 2712 fidem
1353 2651 1511 2712 Petri
1554 2649 1825 2712 reddedit
1868 2648 2151 2710 aeclesiis,

808 2751 1044 2814 Pollens
1088 2753 1379 2833 aeloqnin,
1425 2754 1734 2815 ductrinae
1780 2760 1907 2827 (sic)
1964 2750 2179 2813 nobilis
2227 2760 2370 2825 arte,

893 2855 1150 2916 restituit
1194 2855 1383 2916 Cristo
1429 2857 1780 2916 innumeros
1823 2854 2095 2933 populos.

808 2954 1036 3034 Largus
1080 2958 1171 3018 vel
1215 2957 1453 3038 sapiens
1498 2958 1935 3037 dispensaturq.
1983 2962 2111 3026 (sic)
2159 2953 2474 3032 benignuS,

891 3058 1118 3119 divitias
1163 3059 1416 3121 credens
1461 3078 1607 3138 quas
1651 3058 1813 3119 dedit
1855 3076 1984 3119 esse
2028 3074 2182 3131 suaS,

809 3161 1027 3241 templa
1073 3161 1182 3222 deo
1231 3163 1455 3222 faciens
1499 3162 1693 3241 ymnis
1738 3161 2032 3221 decoravit
2076 3169 2136 3220 et
2179 3157 2380 3229 aurn',

892 3273 950 3323 et
992 3263 1188 3342 paries
1232 3263 1420 3323 suncti
1466 3264 1737 3342 dogmata
1784 3281 1949 3323 nunc
1988 3262 2276 3340 loquitur.

567 3361 886 3442 Depositus
931 3365 1039 3424 sub
1088 3365 1143 3424 d.
1190 3364 1320 3424 XVI
1366 3364 1479 3424 kal.
1528 3367 1839 3443 Augustas.
1881 3363 1891 3443 1
1932 3363 2157 3424 Valerio
2203 3382 2256 3422 v.
2304 3382 2354 3423 c.
2403 3359 2655 3422 consul!

571 3461 749 3513 Ticini
783 3462 865 3524 (V
881 3466 1004 3515 6464
1031 3465 1166 3514 vidit
1191 3463 1523 3532 Mommsen).
1550 3494 1612 3502 —
1645 3468 1692 3528 1)
1715 3465 2014 3529 Episcopus
2039 3463 2189 3522 (nam
2215 3462 2276 3512 id
2290 3467 2425 3527 puto
2448 3460 2798 3525 significatur
2819 3464 2959 3512 vatis

394 3547 675 3614 vocabulo)
722 3547 1015 3598 Ticinensis
1059 3546 1241 3609 factus
1286 3553 1364 3599 est
1409 3549 1695 3601 Ennodius
1744 3552 1892 3600 circa
1939 3565 2143 3599 annum
2175 3550 2273 3599 514
2321 3546 2414 3613 (cf.
2456 3546 2626 3610 Vogel
2665 3546 2841 3612 praef.
2889 3548 2961 3598 ad

394 3631 700 3683 Ennodium
741 3650 798 3699 p.
833 3632 1007 3684 XXIV
997 3633 1063 3700 ),·
1107 3638 1267 3684 antea
1314 3632 1501 3695 fuerat
1553 3636 1816 3686 diaconus
1862 3634 2112 3685 ecclesiae
2158 3631 2587 3684 Mediolanensis.
2631 3659 2697 3668 —
2745 3634 2796 3696 2)
2842 3633 2957 3684 Sor.

395 3714 628 3781 functos,
691 3719 743 3776 3)
787 3722 1034 3785 quamue,
1097 3721 1147 3782 4)
1197 3718 1498 3772 celebratur.
1541 3748 1608 3757 —
1661 3724 1711 3784 5)
1756 3719 2161 3784 Significantur
2214 3716 2508 3782 legationes
2559 3722 2835 3783 susceptae
2893 3720 2957 3768 ab

393 3800 641 3853 Ennodio
699 3806 848 3853 iussu
897 3803 1214 3853 Hormisdae
1263 3820 1442 3869 papae
1499 3804 2017 3869 Constantinopolim
2069 3802 2144 3853 ad
2182 3803 2529 3853 Anastasium
2583 3804 2962 3868 imperatorem

397 3883 595 3949 (Vogel
628 3886 660 3937 l.
699 3901 745 3938 c.
775 3902 834 3952 p.
867 3885 1018 3936 XXV
1031 3903 1133 3951 seq.
1134 3888 1182 3954 ).
1220 3915 1286 3924 -—
1323 3890 1375 3952 6)
1409 3889 1615 3953 Agitur
1649 3890 1713 3940 de
1758 3890 2042 3939 schismate
2078 3903 2268 3938 exorso
2304 3903 2447 3938 anno
2481 3886 2607 3951 498,
2652 3903 2770 3937 cum
2802 3888 2966 3938 simul

394 3969 743 4036 Symmachus
778 3974 829 4019 et
865 3968 1192 4021 Laurentius
1226 3970 1423 4022 Romae
1458 3977 1693 4040 episcopi
1729 3977 1901 4025 creati
1932 3978 2104 4024 essent
2139 3970 2233 4038 (cll
2274 3971 2444 4035 Vogel
2477 3971 2511 4022 l.
2538 3986 2580 4022 c.
2622 3986 2678 4035 p.
2704 3971 2783 4023 IX
2795 3972 2962 4038 seq.);

394 4070 464 4104 ex
497 4056 715 4120 scriptis
739 4054 983 4105 Ennodii
1017 4057 1121 4106 huc
1146 4059 1385 4121 pertinet
1419 4056 1625 4108 libellus
1652 4074 1761 4124 pro
1795 4060 2002 4125 synodo
2040 4063 2117 4124 (p.
2141 4059 2206 4109 48
2240 4057 2318 4107 ed.
2345 4055 2557 4122 Vogel).
2590 4083 2657 4092 —
2693 4058 2743 4121 7)
2781 4056 2962 4120 Signi-

391 4137 594 4199 ficatur
645 4140 893 4189 carmina
937 4140 1182 4191 Ennodii
1234 4142 1293 4191 in
1341 4145 1643 4206 parietibus
1695 4144 2040 4195 ecclesiarum
2087 4143 2350 4206 inscripta
2396 4157 2506 4190 esse
2548 4141 2739 4191 litteris
2783 4145 2962 4191 aureis

393 4223 680 4285 (nimirum
716 4226 774 4273 in
814 4240 972 4288 opere
1009 4225 1296 4292 tesselato).
1368 4227 1629 4278 Habemus
1673 4230 1919 4279 carmina
1966 4231 2031 4279 ab
2067 4225 2319 4276 Ennodio
2355 4227 2413 4274 in
2462 4226 2719 4276 honorem
2762 4229 2960 4292 episco-

389 4321 586 4370 porum
619 4307 1100 4360 Mediolanensium
1147 4311 1273 4361 inde
1319 4313 1384 4361 ab
1419 4314 1702 4364 Ambrosio
1749 4310 1898 4372 facta
1951 4311 2138 4377 (carm.
2175 4311 2228 4375 2,
2260 4311 2483 4372 77—89,
2529 4326 2583 4376 p.
2619 4311 2715 4361 462
2734 4328 2841 4377 seq.
2878 4312 2958 4364 ed.

398 4392 582 4457 Vogel,
610 4409 667 4458 p.
696 4394 794 4445 684
833 4395 912 4446 ed.
949 4397 1178 4460 Hartel)‚
1214 4412 1350 4462 quae
1383 4398 1558 4447 medio
1597 4413 1726 4447 aevo
1755 4398 2061 4461 prostitisse
2086 4395 2380 4447 Mediolani
2414 4397 2537 4446 inde
2568 4402 2794 4462 apparet
2819 4397 2963 4462 quod

393 4481 760 4541 receptasunt
781 4482 841 4529 in
865 4480 1112 4547 syllogen
1137 4481 1409 4546 quandam
1436 4484 1853 4548 inscriptionum
1878 4481 2358 4531 Mediolanensium
2380 4482 2555 4532 medio
2581 4497 2710 4531 aevo
2734 4480 2959 4542 factam.

395 4558 502 4625 (Cf.
529 4560 817 4613 Mommsen
844 4564 895 4616 C.
923 4563 979 4615 V
999 4581 1057 4629 p.
1081 4565 1193 4628 648,
1231 4566 1296 4616 de
1319 4566 1472 4618 Rossi
1495 4570 1659 4619 inscr.
1686 4568 1800 4618 chr.
1826 4568 1943 4618 urb.
1967 4565 2165 4617 Romae
2190 4565 2244 4615 II
2267 4567 2293 4616 4
2328 4581 2382 4630 p.
2407 4565 2632 4617 XXXIX
2661 4571 2712 4615 et
2743 4584 2798 4633 p.
2822 4566 2958 4633 476).

393 4673 457 4684 —
497 4648 547 4709 8)
581 4649 644 4700 Α.
679 4647 801 4700 524.

1475 4804 1879 4815 ——-

2437 4921 2543 4976 37⁸·
