3432 5387
407 4368 410 4371 Α
513 4347 585 4381 ex
621 4329 674 4382 C.
709 4329 823 4382 XV
843 4332 908 4382 69
943 4329 1130 4395 colligi
1159 4333 1347 4395 potest.

510 401 636 461 342
1635 401 1818 472 Caput
1848 401 1944 457 v1.

684 572 851 645 1617
885 655 888 658 Ι
920 576 977 636 d.
1035 593 1114 636 m.
1164 571 1177 658 Ι
1222 574 1401 637 Felici
1460 572 1743 658 Caesalris
1797 594 1910 638 ser.
1967 574 2138 636 vilico
2166 573 2199 658 ,Ι
2244 573 2473 650 hortor.
2520 573 2826 635 Maianor.¹
2863 572 2875 651 Ι
2925 574 3079 635 Iulia

517 679 794 740 Melitene
833 674 843 760 Ι
881 676 1121 757 coniugi
1164 674 1224 736 b.
1268 693 1347 737 m.

682 777 878 829 Romae
925 775 1033 842 (VI
1067 777 1197 829 8669
1241 778 1453 841 saepius
1514 775 1784 841 descripta
1825 791 1961 827 saec.
2007 775 2151 830 XVI.
2198 775 2392 842 XVII).
2434 802 2505 814 —
2566 775 2614 838 1)
2659 776 2820 826 Horti
2862 774 3079 827 flaiani

511 865 880 915 memorantur
921 877 954 911 a
991 860 1166 911 Plinio
1202 861 1253 912 b.
1288 877 1340 911 n.
1374 863 1464 925 33,
1497 862 1545 924 7,
1577 861 1662 912 64.
1722 859 1867 913 Proc.
1916 859 2177 911 hortorum
2213 858 2529 914 Maianorum
2579 866 2633 912 et
2666 859 2947 914 Lamianor.
2995 865 3079 911 est

517 949 598 1002 71
623 949 788 1009 8668,·
821 944 893 1007 cll
935 945 1013 998 VI
1042 944 1192 997 6432.

681 1049 853 1120 1618
915 1049 1005 1112 dis
1050 1049 1324 1111 manibus
1360 1047 1371 1130 Ι
1410 1049 1545 1111 Lais
1575 1049 1863 1110 Domitiae
1907 1050 2057 1128 Aug.
2087 1068 2273 1124 serva,
2319 1051 2460 1112 fecit
2495 1047 2508 1134 Ι
2545 1050 2873 1112 Fortunato
2917 1049 3072 1130 disp.

515 1156 828 1217 hortorum
885 1149 1367 1233 Attilcianorum‚
1426 1159 1486 1212 et
1542 1148 1655 1213 sibi
1711 1152 2084 1231 posterisque
2139 1170 2416 1228 suorum,
2472 1153 2620 1213 itum
2679 1162 2875 1214 actum
2931 1152 3074 1215 adit.

512 1256 817 1319 ambitum.

513 1415 523 1427 ,
684 1355 881 1409 Romae
916 1353 1025 1419 (71
1051 1353 1180 1406 8667
1215 1353 1382 1404 deser.
1415 1353 1710 1419 For-cella).
1755 1381 1822 1392 —
1873 1354 1922 1417 1)
1956 1352 2165 1405 Nomen
2208 1358 2496 1406 &axes-unt
2542 1356 2601 1404 lu·
2644 1356 2792 1406 horti
2840 1352 3074 1415 fortasse

521 1444 590 1493 ab
626 1444 825 1506 Attico,
861 1443 956 1506 qui
988 1439 1301 1491 Domitiano
1334 1438 1449 1500 fuit
1480 1455 1512 1488 a
1547 1440 1852 1491 rationibus
1887 1440 1991 1499 (Vl
2021 1440 2191 1507 8440).

684 1542 853 1613 1619
918 1545 1096 1605 Dama
1143 1519 1705 1624 Cam
1745 1543 1931 1605 hortis
1974 1544 2209 1607 Salusti.
2249 1544 2262 1625 Ι
2297 1545 2370 1605 ab
2416 1545 2594 1605 hortu
2638 1563 2774 1606 nov.

687 1645 857 1697 Senae
906 1644 1169 1711 Gallicae,
1214 1660 1317 1711 quo
1367 1643 1582 1695 adlatm
1628 1648 1708 1694 est
1755 1645 1894 1710 lapis
1933 1647 2049 1694 sine
2095 1645 2258 1696 dubio
2304 1661 2373 1695 ea:
2417 1646 2548 1695 urbe
2596 1644 2762 1695 Roma
2807 1644 2913 1709 (VI
2943 1645 3072 1697 8670

516 1731 653 1782 vidit
684 1730 942 1796 Henzen).

516 1809 3076 1916 m-

517 1937 732 1998 manici
770 1936 780 2020 Ι
823 1934 1260 2014 pamphilianus
1296 1930 1307 2015 Ι
1347 1935 1555 1995 vllicus
1595 1953 1664 1995 ex
1710 1936 1943 1996 horreis
1980 1933 1990 2017 Ι
2030 1934 2310 1996 Lollianis
2349 1933 2359 2012 Ι
2399 1953 2470 1995 ex
2513 1934 2569 1994 d.
2616 1935 2673 1995 d.
2719 1934 2775 1994 d.
2820 1955 2866 1996 s.
2912 1935 2968 1996 d.
3014 1936 3074 1995 d.

683 2035 882 2087 Romae
915 2037 975 2086 in
1012 2034 1343 2086 columbario
1379 2032 1568 2084 Liviae
1600 2049 1710 2099 rep.
1761 2035 1871 2101 (VI
1895 2035 2032 2085 4226
2077 2035 2216 2085 vidit
2250 2035 2507 2101 Henzen).
2542 2063 2609 2073 —
2650 2037 2696 2099 1)
2730 2034 2819 2085 Ad
2852 2034 3076 2085 eundem

512 2122 789 2174 Calamum
812 2123 1014 2185 spectat
1040 2119 1231 2169 titulus
1251 2118 1303 2171 G.
1332 2118 1408 2170 Vl
1430 2119 1566 2170 4226
1581 2124 1627 2169 ⁰.
1678 2119 1884 2171 Horrea
1904 2118 2156 2170 Lolliano
2174 2122 2541 2169 memorantur
2559 2122 2717 2169 eliam
2745 2119 2799 2170 C.
2825 2118 3078 2172 V14239.

682 2238 849 2308 1621
921 2241 1121 2301 Bonae
1173 2239 1328 2300 Deae
1365 2237 1378 2320 Ι
1417 2239 1697 2302 Galhillae
1748 2240 1759 2322 Ι
1814 2240 2170 2319 Zmaragdus
2221 2240 2231 2320 Ι
2282 2238 2543 2301 Caesaris
2598 2241 2768 2318 Aug.¹
2809 2239 2820 2321 Ι
2872 2239 3077 2302 vilicus

511 2329 523 2415 Ι
575 2344 932 2404 horreorum
969 2339 981 2423 Ι
1019 2341 1478 2403 Galbianorum²
1514 2341 1525 2425 Ι
1565 2343 1696 2406 coh.
1742 2341 1958 2402 trium³
2001 2341 2057 2401 d.
2103 2341 2157 2402 d.
2198 2338 2209 2423 Ι
2248 2359 2384 2402 cum
2429 2341 2609 2403 Fenia
2654 2342 2953 2404 Onesime.

686 2441 886 2494 Romae
907 2443 1004 2493 sub
1029 2442 1295 2492 Aventino
1333 2442 1494 2508 (ΕρΙι.
1533 2457 1614 2507 ep.
1647 2445 1695 2506 4,
1731 2443 1875 2495 725⁰
1923 2441 2062 2492 vidit
2084 2441 2417 2508 Slevenson).
2440 2469 2508 2481 -
2547 2445 2596 2504 1)
2633 2440 2807 2493 Nudis
2831 2441 3078 2493 Caesaris

511 2528 750 2593 Augusti
771 2528 1063 2592 vocabulis,
1096 2531 1160 2578 ut
1180 2527 1458 2578 interdum
1485 2526 1743 2579 Claudius
1765 2531 1817 2577 et
1838 2525 1984 2577 Nero
2009 2524 2105 2587 (cll
2131 2525 2200 2580 N.
2225 2527 2367 2578 4786.
2391 2525 2572 2593 4838),
2596 2529 2677 2576 ita
2702 2529 2863 2577 etiam
2890 2525 3076 2590 Galba,

507 2617 653 2665 certe
686 2616 746 2663 in
784 2612 944 2664 ficiclo
979 2615 1141 2664 leuius
1169 2615 1402 2677 generis,
1439 2612 1718 2678 designari
1742 2614 1941 2678 potuit.
1968 2640 2028 2648 —
2070 2612 2121 2675 2)
2158 2610 2364 2662 Horrea
2403 2609 2685 2674 Galbiana,
2719 2628 2829 2662 non
2864 2611 3074 2662 diversa

510 2703 576 2752 ab
613 2702 825 2752 horreis
856 2698 1116 2766 Sulpiciis
1148 2700 1457 2749 memoratis
1492 2699 1557 2748 ab
1599 2698 1823 2750 Horatio
1861 2713 2022 2749 carm.
2056 2699 2105 2762 4,
2138 2696 2224 2761 42,
2256 2697 2337 2761 48,
2371 2701 2634 2748 memorat
2668 2699 2968 2766 Porphyrio
3003 2698 3079 2748 ad

510 2786 729 2836 Horatii
764 2785 799 2835 l.
839 2801 901 2850 c.,
938 2785 1382 2848 chronographus
1417 2784 1553 2833 anni
1585 2784 1688 2835 354
1725 2785 1800 2849 (p.
1836 2781 1928 2834 446
1964 2798 2049 2846 ap.
2087 2780 2325 2834 Momms.
2364 2781 2558 2834 Clu-on.
2592 2784 2721 2833 min.
2759 2782 2828 2849 1),
2863 2781 3073 2833 Notitin

508 2874 689 2936 urbis,
725 2872 856 2921 haec
893 2869 1161 2921 collocans
1194 2871 1255 2919 in
1289 2870 1511 2933 regione
1548 2867 1755 2918 decima
1792 2868 1950 2918 tertia
1998 2868 2326 2926 (curatorem
2360 2868 2678 2919 horreorum
2716 2866 3077 2918 Galbanorum

512 2959 748 3007 recenset
770 2954 984 3005 Nolilia
1011 2954 1157 3019 dign.
1188 2953 1304 3004 Oce.
1331 2969 1375 3006 c.
1393 2953 1468 3019 4).
1515 2954 1793 3004 Pes-tinent
1816 2951 1889 3002 ad
1910 2968 1973 3002 ea
1993 2951 2141 3001 tituli
2156 2966 2320 3016 supra
2341 2950 2407 3004 N.
2424 2954 2551 3017 239,
2571 2951 2722 3012 infra
2740 2950 2809 3003 N.
2825 2952 2960 3004 4622
2969 2954 3076 3014 -4,

507 3045 632 3091 ilem
685 3039 738 3092 C.
777 3039 859 3092 71
885 3041 1016 3103 338,
1065 3040 1266 3105 reperii
1302 3054 1372 3088 ex
1402 3041 1560 3104 pas-le
1596 3053 1656 3088 eo
1694 3036 1813 3088 loco
1846 3038 1941 3087 ubi
1975 3038 2172 3087 lion-ea
2205 3037 2305 3086 illa
2346 3036 2517 3098 fuisse
2551 3037 2799 3102 putanda
2831 3041 2971 3088 sunt.
3004 3064 3075 3076 —

510 3130 565 3190 3)
615 3126 867 3177 Colias-tes
900 3123 1210 3188 significari
1251 3139 1361 3173 non
1396 3123 1635 3173 urbanas
1681 3126 1818 3187 tres,
1864 3137 2004 3187 quae
2049 3122 2156 3172 illis
2199 3124 2522 3187 temporibus
2556 3120 2752 3172 Bonae
2794 3123 3076 3172 stationem

511 3211 841 3268 habuerunt,
877 3213 940 3258 ul
969 3212 1299 3274 putaverant
1330 3212 1457 3258 ante
1495 3207 1710 3257 tilulum
1744 3205 1814 3258 Ν.
1848 3207 1981 3259 4622
2017 3210 2311 3271 repertum,
2353 3207 2449 3258 sed
2480 3207 2719 3257 colim-lis
2762 3206 3078 3257 vocabulum

513 3293 881 3361 accipiendum
917 3308 1027 3343 esse
1064 3292 1128 3342 de
1169 3292 1285 3343 loco
1333 3295 1615 3358 consaepto
1652 3289 1751 3352 (cll
1782 3291 1983 3359 lemica)
2020 3294 2074 3341 et
2113 3292 2480 3357 statuendum,
2526 3293 2637 3342 tria
2672 3293 2832 3343 liuius
2859 3295 3079 3357 generis

514 3380 636 3430 loca
671 3376 842 3439 fuisse
876 3380 1025 3428 inira
1061 3379 1256 3428 lion-ea
1295 3377 1510 3443 Galbae,
1544 3379 1798 3443 exposuit
1831 3375 1981 3427 Galli
2013 3374 2191 3431 Boem.
2227 3376 2404 3429 Mino.
2435 3378 2565 3429 4886
2596 3393 2652 3442 p.
2684 3378 2752 3431 73
2770 3394 2876 3444 seq.

521 3561 530 3571 ,
685 3495 855 3568 1622
921 3497 1162 3560 Herculi
1217 3499 1428 3560 domus
1485 3499 1735 3577 Augusti
1802 3515 2035 3559 sacrum
2094 3517 2165 3559 ex
2216 3500 2227 3577 Ι
2277 3498 2593 3561 collatione
2649 3498 3076 3560 horriariorum

513 3601 736 3663 chortis
780 3600 889 3674 11¹,
948 3600 1185 3662 Maioris
1221 3599 1231 3683 Ι
1272 3609 1330 3660 et
1372 3600 1727 3661 Diadumeni
1786 3600 1849 3662 C.
1899 3619 1957 3661 n.
2000 3618 2117 3662 ser.
2163 3610 2223 3661 et
2264 3601 2332 3661 T.
2379 3600 2536 3662 Flavi
2582 3601 2917 3663 Crescentis
2957 3608 3018 3661 et
3063 3598 3073 3682 Ι

513 3703 748 3783 operari
793 3701 1144 3775 Galbeses⁸3
1188 3709 1434 3763 curante
1479 3701 1757 3763 Hermete
1804 3701 1867 3763 C.
1914 3701 2172 3764 Mundic.
2214 3699 2225 3785 Ι
2265 3703 2511 3784 Helpisti
2555 3721 2671 3765 ser.
2731 3703 3074 3764 Dedicatum

511 3805 569 3866 k.
623 3804 789 3866 lunis
824 3804 835 3887 Ι
875 3805 950 3865 Μ.
997 3802 1169 3864 Iunio
1213 3803 1415 3865 Mettio
1463 3804 1618 3867 Ruso
1663 3803 1736 3875 Q.
1780 3804 2113 3885 Pomponio
2158 3805 2425 3866 Materno
2471 3805 2616 3866 cos.⁴

686 3903 904 3969 Romae,
953 3906 1131 3954 nescio
1180 3919 1284 3969 quo
1333 3903 1450 3955 loco
1492 3905 1644 3954 urbis
1686 3920 1797 3970 rep.
1848 3904 2087 3971 (Henzen
2135 3903 2309 3956 Boem.
2355 3906 2527 3956 Mittin.
2575 3904 2704 3956 4886
2751 3919 2804 3969 p.
2852 3905 2962 3971 42).
2988 3932 3077 3940 --

516 3993 565 4054 1)
603 3989 686 4051 Cf.
720 3988 789 4042 N.
825 3989 952 4042 4624
989 3991 1099 4039 not.
1135 3989 1189 4040 3.
1226 4016 1290 4026 -
1330 3990 1380 4052 2)
1417 3989 1581 4040 Iidem
1618 3988 1800 4040 Maior
1846 3993 1898 4039 et
1931 3990 2300 4041 Diadumenus
2336 3990 2579 4042 Caesaris
2621 3992 2766 4041 servi
2800 4004 2923 4040 eum
2958 3988 3078 4040 Gre-

509 4081 684 4127 scente
716 4076 953 4140 Augusti
986 4073 1176 4124 liberto
1205 4079 1507 4138 posuerunt
1544 4076 1763 4126 titulum
1797 4073 1864 4127 N.
1890 4074 2041 4128 4623.
2068 4104 2132 4114 --
2160 4076 2212 4138 3)
2234 4074 2433 4125 Debuit
2463 4090 2572 4125 esse
2607 4089 2762 4125 casus
2794 4074 3076 4125 secundus.

511 4159 813 4225 Galblenses
848 4159 914 4211 de
948 4159 1063 4212 coh.
1089 4158 1148 4210 111
1184 4164 1311 4210 sunt
1343 4159 1549 4213 71740.
1573 4188 1639 4197 -
1664 4163 1718 4226 4)
1745 4159 1996 4212 Consules
2028 4161 2244 4224 suffecti
2274 4162 2556 4211 memorali
2589 4162 2751 4210 eliam
2782 4161 2845 4211 in
2880 4158 3077 4224 tegulis

514 4245 831 4313 quibusdam
869 4244 950 4309 (G.
986 4243 1098 4297 XV
1118 4246 1200 4297 69.
1232 4245 1350 4296 939.
1385 4244 1536 4310 4409)
1553 4263 1573 4306 ‚·
1608 4243 1785 4319 fasces
1808 4246 2035 4309 gessisse
2068 4260 2155 4297 eos
2190 4246 2516 4311 temporibus
2542 4244 2813 4296 Hadriani
2846 4242 3077 4305 fortasse

683 4448 852 4517 1628
917 4450 1153 4513 Silvano
1197 4470 1244 4512 s.
1291 4452 1361 4511 s.¹
1394 4450 1579 4511 Maior
1623 4461 1683 4512 et
1712 4446 2129 4530 Diadulmenus
2175 4451 2338 4513 Caes·
2386 4471 2445 4513 n.
2490 4470 2607 4513 ser.
2647 4450 2660 4534 Ι
2698 4462 2758 4513 et
2787 4451 3075 4513 Crescens

511 4549 661 4630 Aug.
707 4551 776 4612 l.¹
815 4552 871 4612 d.
915 4553 971 4613 d.
1011 4549 1023 4633 Ι
1059 4553 1189 4614 hor.
1234 4553 1307 4613 de
1349 4552 1409 4612 h.
1455 4551 1544 4613 C.³

682 4649 881 4702 Romae
916 4667 1046 4716 rep„
1081 4667 1227 4703 nunc
1250 4652 1466 4703 Pisauri
1507 4653 1614 4711 (71
1644 4652 1792 4719 682).
1828 4681 1891 4691 -
1947 4657 1996 4716 1)
2032 4652 2236 4705 Sancto
2269 4666 2501 4705 sacr-um.
2532 4680 2605 4691 —
2639 4655 2690 4717 2)
2727 4650 2806 4713 Cf.
2843 4651 2912 4706 N.
2937 4652 3074 4704 4622

510 4739 625 4786 not.
662 4736 714 4786 2.
752 4763 818 4773 --
857 4738 909 4799 3)
946 4736 1061 4788 Sar.
1097 4737 1148 4787 h.
1185 4736 1262 4800 G..
1300 4741 1353 4786 et
1383 4737 1660 4803 intellege:
1695 4738 1995 4789 horreariis
2029 4738 2093 4789 de
2128 4740 2337 4790 lior-reik
2375 4738 2589 4791 Galbae.
