3432 5387
539 393 663 454 350
1664 385 1843 454 Caput
1877 384 1972 437 VI.

712 563 882 634 lfflo
945 565 1056 627 diis
1083 562 1360 624 manibus
1398 560 1409 641 Ι
1449 561 1536 621 Ti.
1570 558 1772 621 Claudi
1803 559 1952 637 Aug.
1984 555 2084 617 lib.
2123 551 2134 637 Ι
2172 553 2432 615 Thaletis
2458 550 2751 614 Viniciani
2787 548 2800 632 Ι
2840 568 3125 611 nomen-

541 670 777 733 clatoris
814 669 825 750 Ι
865 687 896 729 a
941 667 1250 739 censibus,
1288 661 1301 749 Ι
1338 661 1582 725 Thallus
1625 670 1684 721 et
1728 659 1994 722 Ianuaria
2033 657 2045 741 Ι
2081 657 2184 719 lib.
2238 657 2312 718 de
2354 674 2465 718 suo
2509 663 2869 734 posuerunt,
2908 651 2921 734 Ι
2964 651 3125 713 loco

542 774 732 852 legato
777 770 849 831 ah
888 769 900 853 Ι
937 770 1086 831 lulio
1131 768 1331 830 Alcide
1375 764 1508 827 coll.
1554 764 1699 838 eius,
1738 759 1750 842 Ι
1788 763 1958 825 cuius
2000 761 2176 822 heres
2219 758 2347 820 fuit.

713 870 924 932 Romae,
959 884 1103 920 nunc
1135 867 1450 919 Florentiae
1483 864 1748 931 (V18938
1782 861 1918 913 vidie
1954 860 2209 926 Hannon).

707 1161 872 1232 1691
943 1166 1068 1224 Ser.
1115 1159 1377 1242 Sulpicio
1416 1155 1427 1241 Ι
1465 1159 1615 1237 Aug.
1659 1156 1701 1217 l.
1746 1154 1921 1216 Fasto
1960 1150 1973 1235 Ι
2009 1151 2084 1213 ab
2141 1149 2516 1221 admissione,
2555 1148 2566 1224 Ι
2606 1146 2733 1209 Ser.
2779 1145 2908 1207 Ser.
2957 1141 3122 1202 Sul·

539 1268 653 1348 pici
693 1267 705 1348 Ι
743 1266 1116 1346 Agathemer.
1155 1261 1167 1344 Ι
1207 1272 1266 1324 et
1307 1260 1546 1322 Thallus
1584 1263 1594 1336 Ι
1632 1256 1986 1320 conliberto.

711 1365 908 1417 Romae
943 1363 1198 1430 (V18699
1231 1361 1392 1412 semel
1422 1361 1687 1424 decer-ipio
1722 1373 1855 1408 saec.
1890 1352 2084 1420 XVII).

708 1501 880 1572 1692
943 1505 998 1564 d.
1045 1521 1123 1563 m.
1163 1506 1173 1578 Ι
1214 1500 1479 1562 Onesimi
1516 1497 1527 1578 Ι
1567 1500 1715 1577 Aug.
1760 1495 1862 1556 lib.
1907 1494 2086 1555 adiut.
2125 1491 2137 1572 Ι
2175 1489 2247 1550 ab
2301 1486 2676 1559 admissione,
2715 1484 2727 1565 Ι
2765 1482 2938 1563 Ulpia
2984 1483 3115 1541 Ar-

539 1608 706 1669 sinoe
750 1605 989 1685 coniugi
1035 1605 1093 1667 h.
1140 1622 1218 1664 m.
1262 1604 1302 1663 f.

711 1708 937 1759 Athenis
972 1705 1226 1768 (1116407
1259 1702 1397 1755 vidit
1429 1701 1511 1752 Jo.
1547 1697 1830 1761 Schmidt).

708 1840 877 1912 1693
945 1843 1001 1902 d.
1048 1861 1126 1902 m.
1168 1838 1178 1924 Ι
1216 1841 1292 1901 Μ.
1341 1839 1513 1918 Ulpio
1560 1839 1709 1918 Aug.
1753 1833 1857 1895 lib.
1902 1833 2132 1912 Zopyro
2172 1827 2182 1910 Ι
2220 1844 2389 1909 prox.
2436 1824 2510 1885 ab
2555 1822 2927 1893 admissione,
2977 1829 3044 1879 et
3094 1813 3107 1899 Ι

542 1947 835 2026 Sulpiciae
880 1945 1106 2018 Iustae‚
1157 1941 1168 2024 Ι
1208 1942 1375 2022 Ulpia
1420 1940 1579 2002 Iusta
1623 1939 1739 1998 filia
1777 1937 1788 2017 Ι
1828 1933 2174 2017 parentibus
2228 1926 2610 2000 dulcissimis,
2670 1933 2729 1985 et
2776 1925 2788 2002 Ι
2828 1920 3109 2000 Sulpicio

540 2047 815 2109 Marcello
867 2047 1125 2116 alumno,
1180 2046 1190 2122 Ι
1242 2043 1525 2122 Daphnus
1569 2043 1715 2119 Aug.
1762 2036 2070 2100 Tullianus
2128 2050 2299 2094 socer
2314 2032 2354 2104 ¹,
2393 2028 2406 2111 Ι
2442 2028 2667 2089 libertis
2708 2023 3107 2101 libertabusq.

540 2150 854 2229 posterisq.
901 2165 1130 2207 eorum.

710 2246 907 2297 Romae
944 2244 1025 2305 (V
1022 2245 1046 2294 1
1066 2243 1191 2295 8704
1217 2244 1358 2293 vidit
1384 2244 1633 2305 Henzen).
1658 2270 1726 2278 —
1754 2243 1802 2304 1)
1826 2240 2045 2305 Daphni
2066 2237 2266 2286 montio
2290 2232 2503 2284 videtur·
2519 2232 2711 2295 postea
2735 2229 2942 2276 intrusa
2970 2239 3106 2273 esse.

710 2379 878 2451 1694
942 2383 999 2443 d.
1056 2403 1135 2444 m.
1187 2380 1196 2464 Ι
1237 2382 1313 2443 Μ.
1358 2379 1596 2442 Aurelio
1642 2379 1791 2456 Aug.
1841 2376 1854 2461 Ι
1900 2375 2003 2436 lib.
2047 2371 2440 2434 Antiochiano
2478 2365 2807 2444 {magistro
2863 2360 2936 2422 ab
2991 2357 3105 2441 atl-

531 2471 845 2559 missione,
891 2482 1335 2567 Antiolchianus
1381 2492 1439 2544 et
1481 2477 1805 2564 Antilochis
1850 2478 1932 2538 fili
1980 2475 2185 2537 eredes
2223 2471 2233 2555 Ι
2273 2472 2421 2553 patri
2467 2468 2708 2549 optimo.

717 2588 777 2637 In
813 2588 1138 2637 monasterio
1174 2583 1487 2636 Sublacensi
1513 2597 1685 2647 prope
1719 2579 1939 2631 Romam
1977 2575 2128 2643 (XIV
2148 2574 2325 2640 5457).

706 2708 876 2779 1695
942 2709 1256 2791 Tyrannus
1298 2706 1591 2768 Antoniae
1629 2702 1640 2785 Ι
1678 2702 1907 2775 Drusi¹,
1953 2701 2025 2762 ab
2069 2699 2443 2761 admissione.

709 2811 906 2863 Romae
938 2813 998 2860 in
1033 2810 1361 2861 columbario
1385 2807 1564 2857 eodem
1599 2807 1659 2855 in
1694 2819 1800 2869 quo
1823 2802 1892 2853 Ν.
1915 2802 2045 2853 4663
2081 2799 2377 2860 (Loncium
2409 2796 2532 2847 bun.
2560 2808 2691 2844 com.
2714 2790 2846 2841 4885
2877 2803 2931 2853 p.
2955 2786 3099 2850 409),

540 2926 608 2935 -
649 2900 695 2959 1)
742 2897 821 2947 De
865 2896 1132 2954 Antonia,
1181 2892 1412 2943 Neronis
1459 2891 1624 2941 Drusi
1672 2904 1871 2951 uxore,
1918 2885 1990 2947 cf.
2035 2900 2201 2952 supra
2246 2882 2315 2936 N.
2350 2883 2458 2934 449.
2502 2881 2616 2931 450.
2657 2878 2796 2936 222,
2832 2876 2897 2938 2,
2940 2870 3098 2932 infra

540 2981 610 3033 N.
643 2982 786 3033 4754.

712 3113 884 3184 1696
948 3115 1219 3176 Maritimi
1266 3112 1276 3197 Ι
1327 3113 1620 3174 Antoniae
1672 3110 1849 3173 Drusi
1900 3110 1910 3190 Ι
1956 3108 2269 3188 rogatoris.
2315 3102 2340 3189 ΙΙ
2407 3104 2684 3176 Quintiae
2738 3099 2747 3179 Ι
2800 3096 3095 3159 Antoniae

540 3219 715 3282 Drusi
759 3218 798 3278 l.
839 3217 849 3300 Ι
889 3217 1183 3296 canti-icis.

717 3317 912 3369 Romae
945 3322 1004 3367 in
1040 3317 1219 3367 eodem
1254 3316 1584 3366 columbario
1620 3316 1679 3363 in
1715 3328 1819 3378 quo
1853 3310 1922 3363 N.
1957 3312 2084 3362 4695
2123 3307 2287 3374 (Bau.
2326 3322 2456 3359 com.
2492 3305 2624 3356 4885
2653 3319 2708 3369 p.
2734 3301 2873 3366 409).

711 3451 878 3524 1697
945 3455 1033 3516 Ti.
1080 3452 1280 3515 Claudi
1325 3455 1473 3533 Aug.
1526 3449 1536 3534 Ι
1587 3451 1687 3512 lib.
1733 3449 1885 3510 Aviti
1929 3435 2322 3530 imbiltato'riS,
2383 3455 2442 3506 et
2484 3444 2551 3505 T.
2598 3440 2743 3526 Aelli
2786 3442 2933 3518 Aug.
2991 3438 3094 3500 lib.

543 3555 850 3642 Theoldoti
905 3557 1205 3640 adiutolris
1260 3575 1291 3615 a
1347 3555 1574 3633 cognit,
1616 3552 1625 3633 Ι
1679 3562 1741 3613 et
1784 3550 2077 3614 Scetasiae
2115 3547 2126 3631 Ι
2167 3547 2438 3611 Octaviae
2482 3545 2593 3607 filis
2642 3543 2653 3627 Ι
2703 3541 3036 3616 carissimiS,
3082 3535 3094 3622 Ι

543 3660 797 3721 Antonia
844 3659 1114 3720 Rhodine
1153 3656 1164 3739 Ι
1201 3666 1390 3718 mater
1431 3655 1591 3717 fecit.

712 3758 907 3809 Romae
942 3758 1197 3819 (V18634
1234 3757 1370 3806 vidit
1404 3757 1657 3819 Henzen).

711 3892 886 3964 1698
944 3897 999 3955 d.
1047 3914 1124 3955 m.
1163 3895 1174 3972 Ι
1213 3893 1560 3955 libertorum
1599 3895 1609 3973 Ι
1649 3892 1716 3953 Τ.
1765 3893 1921 3954 Flavi
1966 3892 2115 3969 Aug.
2162 3889 2262 3949 lib.
2303 3884 2314 3968 Ι
2353 3885 2603 3947 Victoris
2640 3882 2650 3966 Ι
2690 3904 2720 3943 a
2766 3902 2908 3945 cura
2951 3883 3095 3944 ami·

543 4017 770 4060 corum.

715 4098 912 4149 Romae
951 4094 1202 4156 (V18797
1234 4097 1447 4160 saepius
1481 4095 1748 4161 descripta
1781 4109 1917 4147 saec.
1952 4090 2291 4158 XVIJXVII).

712 4231 880 4300 1699
949 4233 1185 4295 Silvano
1244 4251 1509 4311 sacrum,
1564 4231 1767 4294 sodal.²
1820 4231 1832 4313 Ι
1881 4232 2007 4293 eius
2058 4239 2116 4291 et
2168 4230 2384 4290 Larum
2442 4226 2664 4288 donum
2715 4220 2727 4306 Ι
2766 4223 2966 4305 posuit
3006 4220 3095 4282 Ti.

545 4336 819 4399 Claudius
847 4337 996 4412 Aug.
1038 4332 1050 4417 Ι
1088 4333 1188 4396 lib.
1235 4334 1632 4397 Fortunatus²
1673 4352 1706 4395 a
1745 4331 1756 4414 Ι
1795 4351 1936 4395 cura
1982 4332 2304 4394 amicorum
2345 4326 2355 4410 Ι
2395 4330 2668 4408 idemque
2712 4324 2996 4388 dedicavit
3039 4330 3098 4384 et

543 4439 785 4519 epulum
829 4438 991 4499 dedit
1027 4434 1038 4518 Ι
1077 4436 1311 4497 decuris
1357 4456 1418 4497 n.
1450 4436 1578 4509 1111,
1625 4438 1680 4497 k.
1713 4435 1994 4513 Augustis
2025 4434 2087 4495 C.
2117 4430 2375 4515 Minilcio
2406 4431 2697 4494 Fundano
2727 4436 2789 4489 et
2823 4428 2836 4509 Ι
2874 4426 2937 4489 C.
2962 4425 3097 4485 Vet-

540 4541 748 4601 tennio
793 4536 1026 4621 Selvero
1071 4538 1218 4599 cos.⁸

712 4636 924 4703 Romae,
955 4653 1102 4689 nunc
1130 4637 1329 4688 Oxonii
1364 4638 1473 4697 (VJ
1489 4639 1589 4690 630
1625 4636 1763 4687 vidit
1786 4636 2070 4695 Huebner).
2096 4662 2163 4671 —
2202 4635 2249 4699 1)
2274 4632 2566 4685 sodalicio.
2602 4659 2669 4668 —
2705 4631 2758 4694 2)
2791 4628 2938 4680 Idem
2959 4626 3100 4679 For-

544 4726 764 4772 tunatus
798 4726 876 4772 est
909 4723 1119 4775 V1604.
1154 4751 1220 4758 -
1256 4724 1307 4786 3)
1344 4722 1539 4773 Fasces
1572 4724 1914 4787 sumpserunt
1948 4719 2053 4771 kal.
2091 4718 2246 4770 Iuliis
2279 4734 2331 4770 a.
2355 4718 2470 4770 408.
