3432 5387
1355 380 1526 435 Tituli
1559 381 1838 438 militares.
2753 389 2873 449 427

468 546 644 618 2129
710 552 776 613 L.
825 552 1052 617 Firvius
1106 553 1169 615 L.
1218 553 1258 615 s.
1305 553 1445 616 Fab.
1485 553 1496 637 Ι
1535 555 1854 617 Postumus
1897 556 1976 617 d.¹
2035 558 2227 631 Luca,
2283 557 2292 637 Ι
2344 562 2512 623 miles
2571 564 2703 624 coh.
2765 566 2866 627 XV

298 651 540 714 urban.²
575 650 585 734 Ι
625 666 660 713 7
712 654 977 729 Arrunti,
1025 655 1292 736 signifer,
1330 653 1341 736 Ι
1380 656 1501 717 mil.
1548 676 1645 720 an.
1690 657 1875 719 XVIII
1919 660 2030 720 vix.
2077 678 2171 721 an.
2218 660 2471 738 XXXVI,
2511 662 2522 742 Ι
2559 664 2617 726 h.
2664 686 2711 727 s.
2760 685 2812 728 e.

471 754 721 803 Priverni
757 753 834 821 (X
861 755 994 807 6445
1031 756 1168 806 vidit
1200 755 1532 825 Mommsen).
1558 787 1623 795 —
1664 759 1713 822 1)
1749 758 1937 811 Domo.
1978 787 2040 795 -—
2078 762 2128 824 2)
2167 758 2247 822 Cr.
2283 761 2350 812 Ν.
2384 763 2539 815 2128.

310 833 2867 968 m

299 977 453 1038 tam⁸
491 976 502 1059 Ι
544 973 577 1060 >
621 976 874 1038 Ianuari.
916 973 926 1060 Ι
965 978 1034 1039 L.
1082 980 1118 1039 i.
1164 980 1205 1039 f.
1252 975 1349 1065 [p.]
1396 980 1522 1052 IIII,
1569 1000 1619 1042 r.
1664 1002 1724 1062 p.
1771 983 1922 1043 1111!

479 1077 652 1144 Viclty
691 1075 830 1142 (dep.
867 1077 1062 1145 Allier)
1103 1095 1233 1143 rep„
1269 1080 1457 1131 deinde
1492 1081 1728 1133 Montius
1763 1081 2100 1148 (Hirschfeld
2132 1084 2289 1151 Lyon
2337 1088 2394 1135 in
2442 1086 2536 1137 der
2570 1086 2867 1140 Rb'merzeit

296 1177 350 1227 p.
375 1161 444 1214 27
456 1180 478 1224 ‚·
511 1163 714 1214 Allmer
737 1167 788 1212 et
810 1162 1044 1213 Dissard
1065 1162 1241 1213 mus-ee
1265 1165 1329 1215 de
1353 1164 1509 1232 Lyon
1547 1167 1575 1216 1
1600 1183 1655 1232 p.
1679 1168 1786 1219 455
1811 1169 1883 1219 ad
1905 1173 2152 1235 ectypum
2173 1184 2532 1237 gypsaceum5
2556 1170 2627 1233 cf:
2652 1172 2871 1225 Momm-

297 1264 391 1297 sen
427 1248 645 1298 Hermes
669 1249 731 1300 16
762 1262 817 1313 p.
853 1248 994 1314 645).
1020 1276 1085 1285 -
1116 1252 1165 1313 1)
1190 1250 1374 1301 Iudice
1399 1250 1722 1302 Mommseno
1757 1252 2108 1317 significatur
2143 1254 2330 1305 domus
2365 1254 2424 1307 L.
2451 1256 2617 1318 Fufii,
2655 1257 2866 1309 colonia

301 1333 443 1383 Iulia
480 1333 763 1399 Equestris
798 1331 1177 1385 Noviodunum
1226 1336 1410 1396 (hodie
1444 1335 1651 1403 Nyon).
1699 1364 1769 1374 —
1815 1339 1869 1402 2)
1902 1337 1985 1387 De
2031 1340 2132 1389 Ιιαο
2177 1341 2394 1390 cohorte
2428 1347 2716 1406 praeterea
2760 1359 2866 1394 non

296 1422 592 1468 memorata
627 1416 698 1479 ef'.
735 1418 839 1470 Mo.
878 1418 911 1470 1.
948 1434 1032 1482 c.,·
1064 1418 1466 1484 Lugduniensis
1498 1424 1614 1471 sine
1648 1421 1812 1472 dubio
1848 1422 1935 1472 hic
1972 1423 2120 1474 dieta
2156 1429 2237 1473 est
2270 1426 2416 1491 quod
2445 1429 2643 1477 stativa
2680 1429 2872 1479 babuit

298 1501 585 1566 Lugduni,
633 1507 698 1554 ut
742 1505 983 1555 cohortes
1024 1507 1205 1570 prima
1253 1509 1306 1555 et
1351 1506 1555 1556 decima
1600 1509 1764 1557 tertia
1811 1509 2086 1571 urbanae;
2130 1511 2268 1561 hane
2305 1525 2514 1576 quoque
2560 1514 2868 1563 cohortibus

295 1589 523 1638 urbanis
560 1587 1020 1641 adnumerandam
1058 1606 1168 1640 esse
1196 1591 1479 1655 probabile
1513 1595 1606 1641 est.
1635 1620 1702 1628 —
1739 1593 1792 1656 3)
1825 1591 2084 1643 Nummos
2117 1597 2268 1644 iussu
2304 1597 2689 1659 imperatorum
2725 1596 2869 1662 Lug·-

299 1672 435 1722 duni
472 1688 626 1723 cusos
660 1691 769 1725 esse
804 1677 964 1724 etiam
1000 1675 1220 1726 aliunde
1255 1680 1463 1726 constat
1499 1674 1721 1741 (Strabo
1746 1679 1797 1741 4,
1816 1679 1870 1739 5,
1895 1679 1964 1740 2,·
1996 1693 2162 1743 supra
2199 1677 2268 1731 Ν.
2294 1679 2466 1747 1659).
2505 1707 2568 1717 -
2607 1683 2658 1745 4)
2695 1681 2876 1732 Locus.

295 1759 357 1806 in
391 1756 576 1817 fronte
606 1760 766 1824 pedes
802 1759 915 1810 IIII
945 1765 1095 1810 retro
1127 1761 1286 1825 pedes
1321 1760 1444 1812 1111.

466 1875 636 1946 2131
703 1878 873 1941 Marti
929 1889 989 1941 et
1031 1881 1329 1943 Fortunae
1384 1882 1395 1963 Ι
1447 1882 1508 1943 C.
1569 1883 1815 1945 Alfidius
1860 1880 2221 1967 Secundus}
2271 1884 2438 1946 miles
2494 1887 2628 1947 coh.
2674 1886 2865 1949 XVII¹

299 1975 523 2063 naa.

470 2078 685 2145 Romae,
720 2095 864 2131 nune
901 2081 1156 2144 Berolini,
1192 2083 1386 2133 tabella
1422 2099 1586 2134 aenea
1623 2083 1819 2134 litteris
1856 2086 2125 2149 argenteis
2162 2084 2270 2145 (VJ
2298 2085 2435 2151 481).
2473 2115 2538 2125 -—-
2580 2090 2626 2151 1)
2662 2088 2869 2139 Intelle-

293 2164 473 2228 genda
511 2168 592 2215 est
633 2168 733 2215 aut
766 2166 956 2217 cohors
991 2167 1194 2218 decima
1231 2171 1455 2234 septima
1491 2169 1922 2219 voluntariorum
1957 2172 2156 2219 civium
2189 2168 2552 2222 Romanorum
2579 2178 2864 2237 praeterea

293 2265 404 2301 non
437 2254 761 2316 memorata,
809 2256 935 2315 aut,
984 2254 1045 2303 id
1078 2252 1224 2318 quod
1255 2268 1427 2316 nuper
1462 2256 1695 2304 coniecit
1729 2254 2018 2305 Mommsen
2054 2255 2257 2321 (Herm.
2293 2256 2354 2307 16
2387 2271 2440 2320 p.
2474 2258 2629 2325 645),
2674 2260 2864 2311 cohors

296 2334 500 2385 decima
535 2338 761 2401 septima
796 2339 1007 2387 urbana
1046 2335 1143 2401 (cll
1184 2335 1249 2389 Ν.
1285 2338 1421 2391 2150
1457 2344 1569 2390 not.
1605 2340 1682 2403 2).

470 2472 643 2543 2132
706 2478 1051 2538 memoriam
1107 2478 1194 2538 Fl.
1244 2476 1571 2539 Eusebius¹
1611 2476 1622 2559 Ι
1662 2479 1722 2539 in
1771 2497 1833 2539 re
1877 2498 1982 2541 sua
2041 2480 2152 2541 sibi
2210 2489 2269 2540 et
2321 2481 2443 2542 suis
2487 2481 2803 2544 incolumis
2851 2481 2863 2565 Ι

296 2578 467 2651 fecit,
524 2578 746 2657 quique
794 2577 1036 2640 urbanis
1088 2578 1433 2641 cohortibus
1471 2577 1482 2660 Ι
1522 2579 1855 2660 inculpatae
1914 2580 1974 2641 in
2022 2580 2374 2661 Campaniae
2414 2580 2423 2662 Ι
2464 2600 2652 2660 usque
2707 2601 2762 2646 v.
2809 2602 2861 2645 c.

297 2679 629 2742 consularis
685 2699 981 2743 exornans
1031 2678 1041 2762 Ι
1107 2681 1506 2762 principatum
1567 2681 1877 2761 stipendiis
1946 2682 2178 2744 ratione
2229 2679 2239 2763 Ι
2295 2683 2559 2746 decursis
2617 2685 2864 2766 inplevit

296 2782 609 2843 militiam.²²

468 2884 615 2934 Inter
649 2882 894 2934 Sutrium
931 2887 983 2932 et
1011 2882 1183 2949 Nepet
1217 2884 1321 2945 (ΧῘ
1360 2886 1506 2937 5205
1552 2883 1694 2933 vidit
1729 2883 2050 2950 Bor-mann).
2099 2912 2157 2921 —
2215 2887 2262 2950 1)
2307 2884 2439 2935 Noli
2476 2891 2674 2950 putare
2719 2888 2863 2939 bunc

294 2968 589 3019 Eusebium
625 2968 848 3018 eundem
884 2985 993 3018 esse
1028 2972 1187 3033 atque
1222 2969 1512 3019 Eusebium
1548 2969 1820 3019 consulem
1857 2969 2199 3019 ordinarium
2236 2985 2284 3022 a.
2319 2970 2438 3020 539.
2477 2998 2537 3006 -
2588 2972 2638 3035 2)
2677 2971 2863 3024 Oratio

296 3052 523 3114 confusa
534 3071 555 3115 ;
591 3054 689 3102 hoc
712 3056 953 3119 apparel,
979 3052 1267 3104 Eusebium
1292 3056 1518 3105 urbanis
1541 3054 1851 3105 cohortibus
1873 3054 2147 3119 inculpate
2161 3052 2482 3120 praefuisse,
2499 3060 2685 3120 postea
2713 3057 2863 3123 (nam

298 3141 548 3189 tribunus
585 3139 885 3188 cohortium
920 3139 1255 3188 urbanarum
1289 3136 1713 3205 perfectissimus
1750 3142 1960 3190 tantum
2000 3139 2308 3204 dicebatur,'
2329 3138 2399 3200 cll
2436 3156 2601 3206 supra
2630 3141 2699 3194 Ν.
2734 3142 2862 3208 722)

297 3227 475 3274 virum
528 3223 885 3274 clarissimum
939 3227 992 3273 et
1041 3224 1377 3274 consularem
1427 3224 1751 3290 Campaniae
1803 3239 1913 3274 esse
1962 3222 2186 3285 factum.
2258 3224 2605 3286 (Mommseno
2653 3229 2867 3279 videtur

295 3309 556 3360 Eusebius
587 3306 773 3368 factus
807 3324 915 3357 esse
949 3311 1197 3373 princeps
1232 3307 1407 3370 officii
1442 3309 1747 3359 consularis
1786 3309 2110 3374 Campaniae
2144 3310 2254 3360 viri
2289 3309 2619 3378 clarissimi).

465 3560 638 3631 2133
702 3563 758 3623 d.
806 3582 885 3623 m.
925 3563 935 3643 Ι
974 3564 1041 3624 Τ.
1090 3562 1343 3625 Domitio
1382 3564 1393 3647 Ι
1434 3565 1738 3627 Crescenti
1777 3563 1786 3647 Ι
1838 3575 1970 3627 stat.
2017 3585 2108 3647 pr.
2155 3581 2189 3634 7
2243 3566 2251 3650 Ι
2299 3567 2507 3629 Sereni
2527 3570 2564 3643 ¹,
2623 3564 2799 3654 he[r.]
2849 3568 2859 3652 Ι

298 3666 357 3726 b.
405 3682 485 3724 m.
532 3667 573 3725 s.
620 3684 696 3738 c.,
743 3665 863 3726 mil.
906 3664 917 3747 Ι
955 3684 1050 3726 an.
1098 3664 1191 3740 VI,
1238 3663 1431 3751 vixfit]
1473 3664 1483 3749 Ι
1523 3686 1619 3728 an.
1665 3667 1824 3728 XXX
1855 3714 1869 3729 .
1906 3714 1919 3729 .
1956 3714 1970 3730 .

468 3762 664 3815 Romae
700 3764 808 3830 (VJ
835 3766 974 3816 2932
1012 3766 1224 3816 Henzen
1268 3767 1406 3817 vidit
1452 3768 1745 3834 ectypum).
1783 3796 1850 3804 —
1891 3771 1937 3834 1)
1974 3768 2185 3820 Statori
2222 3772 2575 3835 praetoriano
2620 3770 2866 3823 centur-Id

294 3848 501 3901 Sereni.

466 3967 638 4038 2134
704 3971 791 4032 dis
835 3971 1109 4032 manibus
1161 3970 1170 4052 Ι
1225 3972 1288 4032 L.
1335 3972 1528 4033 Nonio
1576 3973 1639 4033 L.
1687 3975 1728 4033 f.
1781 3970 1792 4053 Ι
1841 3974 2086 4036 Martiali
2139 3974 2148 4057 Ι
2203 3984 2407 4036 stator.
2467 3974 2714 4053 August.
2776 3973 2864 4057 {7

294 4072 503 4145 Prisci,
548 4072 819 4134 militavit
856 4070 866 4153 Ι
905 4074 1080 4135 annis
1124 4072 1282 4133 XXII
1329 4094 1516 4135 menS.
1567 4073 1658 4147 Vl,
1699 4074 1710 4155 Ι
1749 4075 1889 4136 vixit
1933 4076 2109 4137 annis
2143 4075 2341 4151 XLIX,
2383 4076 2391 4158 Ι
2432 4078 2628 4156 posuit
2673 4077 2860 4138 Nonia

297 4171 310 4256 Ι
354 4173 679 4235 Fortunata
724 4172 826 4235 lib.
867 4173 879 4257 Ι
917 4184 1170 4255 patrono
1211 4174 1221 4257 Ι
1260 4176 1688 4239 benemerenti.

467 4272 664 4324 Romae
696 4291 809 4340 rep.
844 4280 1003 4326 extra
1037 4280 1252 4340 portam
1288 4274 1679 4329 Nomentanam
1718 4277 1884 4343 (Ball.
1923 4293 2055 4329 com.
2094 4276 2222 4327 1886
2249 4291 2308 4340 p.
2342 4278 2453 4339 85).

467 4406 637 4479 2135
705 4412 776 4482 Q.
823 4412 1014 4473 Attius
1073 4412 1284 4474 Florus
1333 4410 1342 4495 Ι
1395 4414 1516 4474 mil.
1563 4423 1749 4476 stator
1791 4427 1828 4483 7
1881 4412 1890 4497 Ι
1928 4413 2163 4486 Domiti,
2210 4413 2350 4474 vixit
2388 4413 2397 4497 Ι
2439 4415 2611 4476 annis
2654 4413 2865 4476 XXXX

303 4508 312 4593 Ι
360 4511 625 4573 militavit
678 4509 866 4595 anlnis
909 4513 1123 4587 XXIV,
1183 4515 1324 4574 fecit
1370 4513 1380 4596 Ι
1433 4516 1754 4595 Trophime
1816 4517 2042 4594 liberita
2100 4523 2356 4595 patrono
2409 4511 2421 4598 Ι
2468 4533 2576 4577 suo
2633 4517 2788 4578 bene
2847 4519 2855 4597 Ι

295 4615 573 4675 merenti.

467 4713 666 4765 Romae
699 4730 810 4781 rep.
848 4714 922 4764 ad
954 4716 1097 4764 viam
1134 4715 1403 4767 Salariam
1442 4715 1617 4775 (Gaui
1652 4714 1871 4767 Notizie
1906 4717 2035 4768 1887
2068 4735 2120 4783 p.
2156 4717 2304 4782 257).
