3432 5387
620 412 745 471 430
1747 413 1928 482 Caput
1961 413 2057 466 IX.

798 581 971 653 2153
1039 586 1098 646 in
1156 587 1213 646 h.
1272 585 1328 645 d.
1388 585 1444 645 d.
1496 586 1507 669 Ι
1560 587 1628 647 Τ.
1687 587 1973 648 Albanius
2034 584 2043 667 Ι
2107 584 2567 670 Principialnus¹
2629 586 2796 647 evok.
2860 582 2870 665 Ι
2927 587 3100 661 Aug.
3160 604 3217 645 n.

504 754 515 767 .
626 695 716 761 (In
776 693 969 760 latere)
1033 688 1222 749 salvos
1267 684 1485 767 venilre
1532 693 1852 759 (Fortuna).
1878 724 1940 733 —
1982 695 2072 760 (In
2108 695 2279 745 altero
2316 695 2507 759 latere)
2550 688 2739 751 salvos
2783 690 2869 769 ire
2890 694 3221 758 (dea,rotae

626 791 842 853 innixa,
857 802 1084 838 cannam
1101 792 1152 837 et
1160 786 1437 851 flagellum
1448 789 1695 838 manibus
1708 792 1893 840 tenens
1905 807 1926 851 ,·
1941 792 2100 839 iuxta
2117 788 2364 839 columna
2377 788 2622 840 miliaria
2629 791 2846 853 signata
2856 802 3108 838 numero
3119 786 3172 852 1)
3184 784 3220 835 ¹.

799 871 996 923 Romae
1047 871 1155 937 (VJ
1184 873 1287 924 830
1323 872 1461 922 vidit
1495 874 1751 937 Henzen).
1785 901 1856 912 —
1908 878 1952 938 1)
1997 873 2203 925 Nomen
2238 874 2433 925 militis·
2477 872 2780 923 derivatum
2825 890 2859 923 a
2896 876 3219 923 castrorum

625 959 961 1009 Albanorum
994 960 1282 1022 principiis
1315 962 1474 1023 putat
1506 958 1810 1011 Mommsen.
1836 989 1904 997 —
1940 963 1992 1025 2)
2027 960 2209 1010 Iudice
2245 959 2490 1010 Henzeno
2513 962 2958 1024 repraesentatur
2999 972 3220 1020 numen,

626 1048 684 1093 in
722 1045 876 1093 cuius
911 1041 1078 1092 tutela
1115 1045 1234 1092 erat
1278 1058 1364 1092 res
1398 1043 1750 1107 vehiculas-is,-
1792 1043 2026 1106 fortasse
2063 1046 2300 1109 cogitari
2336 1047 2516 1108 potest
2558 1043 2622 1093 de
2668 1046 2887 1093 numine
2933 1045 3072 1091 viae
3121 1039 3220 1090 ali·

629 1132 799 1194 cuius,
833 1132 894 1178 ut
930 1130 1018 1178 via
1064 1125 1302 1178 Traiana
1340 1133 1778 1192 repraesentatur
1813 1132 1873 1179 in
1908 1132 2139 1179 nummis
2180 1128 2406 1179 Traiani
2443 1127 2670 1188 (Eclzlzel
2699 1130 2731 1180 6
2764 1144 2818 1193 p.
2852 1128 3009 1193 424).

1531 1450 1887 1528 Cohortes
1939 1451 2265 1547 vigilum.

800 1602 971 1673 2154
1040 1613 1379 1673 (ornamenta
1434 1613 1818 1677 sacerdotalia)
1855 1606 1994 1686 imp.
2043 1606 2273 1668 Caesari
2312 1604 2323 1685 Ι
2362 1606 2476 1667 divi
2520 1605 2806 1667 Antonini
2852 1605 2999 1679 filio,
3046 1608 3060 1681 Ι
3101 1604 3209 1666 (livi

627 1706 906 1767 Hadriani
955 1709 1177 1787 nepoti,
1218 1707 1228 1792 Ι
1269 1708 1381 1769 divi
1426 1709 1664 1770 Traiani
1710 1708 1965 1769 Parthici
2011 1727 2283 1788 pronep.,
2324 1705 2334 1789 Ι
2373 1707 2486 1768 divi
2532 1709 2754 1768 Nervae
2805 1707 3140 1788 abnepoti.
3194 1704 3204 1787 Ι

626 1807 701 1868 Μ.
736 1810 973 1871 Aurelio
1005 1811 1311 1872 Antonino
1344 1812 1492 1890 Aug.
1532 1808 1543 1892 Ι
1583 1819 1752 1890 pont.
1784 1828 1959 1884 max.,
2006 1810 2143 1872 trib.
2175 1820 2298 1891 pot.
2329 1809 2458 1870 XVI
2474 1812 2513 1885 ¹,
2559 1829 2680 1871 cos.
2728 1810 2826 1885 111,
2867 1813 2877 1893 Ι
2916 1813 3205 1873 cohortes

623 1909 725 1970 vu
773 1912 909 1991 vig.2

797 2010 974 2061 Ostiae
1007 2027 1118 2076 rep.
1144 2013 1284 2062 basis
1304 2027 1623 2073 marmorea,
1658 2015 1720 2062 in
1743 2012 2029 2063 ruderibus
2063 2011 2322 2078 aedificii,
2356 2012 2502 2076 quod
2531 2016 2713 2062 castra
2748 2012 2982 2077 vigilum
3026 2013 3201 2063 Ostiae

623 2095 955 2145 tendentium
978 2094 1147 2156 fuisse
1171 2102 1397 2162 apparet
1421 2095 1581 2162 (Eph.
1620 2113 1699 2163 ep.
1734 2096 1782 2158 7,
1804 2098 1940 2149 4200
1962 2096 2101 2147 vidit
2123 2096 2391 2163 Huelsen).
2416 2125 2484 2135 —
2517 2098 2565 2161 1)
2586 2097 2651 2146 A.
2688 2096 2800 2148 462.
2830 2125 2890 2134 -
2920 2099 2972 2161 2)
3006 2098 3200 2159 Ostiae,

618 2182 713 2229 ubi
737 2179 994 2231 Claudius
1029 2183 1296 2231 cohortem
1321 2181 1575 2246 aliquam,
1603 2179 1837 2241 fortasse
1860 2198 1930 2231 ese
1955 2195 2176 2231 numero
2200 2182 2532 2231 urbanarum
2558 2181 2919 2232 collocaverat
2941 2182 3032 2247 (C.
3076 2180 3198 2233 XIV

614 2281 674 2330 p.
708 2265 785 2331 9),
819 2280 955 2315 saec.
985 2282 1042 2331 p.
1084 2265 1204 2316 Chr.
1241 2265 1298 2315 11
1328 2269 1382 2315 et
1420 2265 1503 2316 ΙΙΙ
1531 2270 1814 2318 stationem
1850 2268 2075 2318 habebat
2112 2265 2390 2316 vexillatio
2416 2267 2582 2317 electa
2618 2283 2689 2317 σω
2723 2272 2918 2332 septem
2956 2266 3195 2317 cohorti-

620 2352 716 2399 bus
764 2349 1018 2415 vigilum,
1076 2355 1138 2399 ut
1195 2351 1344 2401 tituli
1387 2366 1496 2401 una
1546 2368 1666 2403 cum
1713 2353 1814 2403 lioc
1859 2353 2060 2418 reperti
2107 2352 2313 2405 docent.
2394 2351 2476 2402 Ita
2521 2349 2728 2411 factum
2776 2356 2855 2402 est
2899 2356 2960 2402 ut
3018 2352 3196 2403 Ostiae

616 2439 814 2500 septem
849 2437 1093 2486 cohortes
1126 2434 1353 2500 vigilum
1388 2451 1497 2486 una
1534 2437 1723 2487 titulos
1758 2437 2144 2499 dedicaverint,
2180 2451 2300 2486 cum
2334 2434 2531 2486 Romae
2563 2437 2815 2501 singulae
2850 2438 3101 2487 cohortes
3133 2437 3191 2484 in

618 2523 731 2570 suis
766 2536 1005 2586 quaeque
1037 2523 1357 2572 stationibus
1391 2524 1742 2588 imperatores
1779 2525 2046 2573 honorare
2083 2524 2465 2572 consueverint.

790 2641 961 2712 2155
1028 2644 1170 2725 imp.
1203 2645 1434 2707 Caesari
1470 2641 1479 2727 Ι
1511 2644 1578 2706 L.
1613 2644 1901 2725 Septimio
1934 2644 2151 2706 Severo
2188 2644 2193 2722 1
2230 2644 2335 2705 Ρίο
2372 2643 2664 2705 Pertinaci
2693 2645 2841 2724 Aug.
2882 2639 2891 2725 Ι
2933 2642 3186 2705 Arabico

622 2746 983 2808 Adiabenico
1029 2746 1301 2807 Parthico
1350 2747 1602 2808 maximo
1643 2744 1652 2828 Ι
1693 2746 1895 2819 Felici,
1945 2748 2212 2827 pontifici
2261 2765 2431 2820 max„
2492 2746 2628 2807 trib.
2676 2756 2798 2826 pot.
2846 2745 2946 2805 XV
2964 2748 2998 2821 ¹,
3050 2746 3184 2825 imp.

621 2847 749 2922 XII,
791 2850 800 2924 Ι
839 2867 960 2910 cos.
1010 2849 1106 2921 ΙΙΙ,
1154 2867 1212 2928 p.
1260 2868 1341 2928 p.‚
1388 2850 1500 2909 divi
1534 2849 1719 2910 Marci
1763 2849 2051 2910 Antonini
2091 2849 2176 2909 Pii
2215 2849 2225 2927 Ι
2264 2847 2599 2908 Germanici
2634 2847 2881 2909 Sarmat.
2927 2848 3030 2922 fit,
3077 2846 3186 2907 divi

623 2951 925 3013 Commodi
965 2949 975 3033 Ι
1017 2951 1200 3022 fratri,
1245 2950 1360 3011 divi
1406 2951 1696 3012 Antonini
1745 2951 1833 3012 Pii
1881 2950 2101 3030 nepoti,
2143 2949 2152 3032 Ι
2192 2950 2304 3012 divi
2352 2950 2632 3011 Hadriani
2686 2951 3027 3029 pronepoti,
3076 2947 3182 3009 divi

623 3058 631 3134 Ι
679 3052 916 3112 Traiani
962 3051 1217 3112 Parthici
1263 3053 1560 3132 abnepoti,
1601 3050 1611 3133 Ι
1651 3053 1765 3113 divi
1814 3053 2035 3113 Nervae
2083 3053 2391 3132 adnepoti,
2440 3048 2451 3127 Ι
2489 3051 2810 3113 restitutori
2857 3064 3183 3114 castrorum

621 3152 629 3236 Ι
683 3153 1066 3226 ostiensium,
1107 3151 1116 3235 Ι
1157 3154 1265 3215 sub
1314 3154 1420 3216 Cn.
1467 3155 1543 3214 M.
1592 3155 1801 3216 Rustic
1847 3155 2064 3216 Rufino
2109 3173 2201 3234 pr.
2247 3152 2405 3233 vig.²,
2451 3173 2500 3214 e.
2546 3153 2641 3227 ιη’,
2693 3150 2704 3235 Ι
2744 3152 3128 3215 curantibus⁸
3168 3147 3178 3230 Ι

617 3254 680 3316 C.
727 3256 1018 3317 Laecanio
1065 3256 1451 3317 Novatilliano
1496 3255 1728 3335 subpr.⁸
1779 3265 1840 3317 et
1877 3254 1888 3337 Ι
1926 3256 2004 3316 Μ.
2051 3255 2136 3315 Fl.
2185 3255 2473 3316 Raesiano
2518 3254 2655 3315 trib.
2700 3256 2834 3317 coh.
2893 3257 2945 3317 Π
2989 3262 3124 3336 vig„
3163 3249 3175 3336 Ι

618 3359 956 3438 praeposito
1000 3357 1405 3419 vexillationis.

792 3459 967 3509 Ostiae
988 3474 1100 3523 rep.
1125 3473 1234 3508 una
1260 3473 1380 3508 cum
1404 3475 1465 3508 ea
1492 3473 1628 3523 quae
1650 3458 1928 3523 praecedit
1950 3457 2112 3523 (Eph.
2140 3473 2219 3522 ep.
2255 3458 2302 3520 7,
2328 3458 2458 3509 4204
2481 3457 2620 3507 vidit
2642 3457 2913 3520 Huelsen).
2975 3456 3180 3508 Similes

618 3548 745 3593 sunt
777 3545 1155 3607 inscriptiones
1191 3542 1371 3593 eodem
1409 3543 1523 3593 loco
1560 3543 1845 3608 eodemque
1880 3547 2112 3610 tempore
2142 3546 2351 3610 positae
2389 3540 2702 3593 caracallae
2740 3541 2906 3607 (Epa.
2940 3543 2991 3608 7,
3024 3542 3175 3601 4205)

618 3631 668 3677 et
692 3627 863 3677 Iuliae
887 3627 1127 3677 Domnae
1163 3626 1259 3692 (ib.
1294 3628 1468 3691 4206).
1491 3653 1562 3665 -
1601 3629 1649 3689 1)
1684 3627 1752 3677 Α.
1786 3628 1904 3678 207.
1929 3656 1997 3666 -
2036 3631 2087 3691 2)
2127 3625 2208 3687 Cf.
2244 3644 2410 3693 supra
2445 3626 2513 3679 N.
2550 3629 2705 3690 1543,
2741 3625 2894 3687 infra
2930 3625 3002 3679 Ν.
3034 3625 3175 3677 2456.

619 3739 686 3748 -
726 3714 777 3777 3)
811 3712 1051 3776 Egregio
1089 3715 1223 3762 viro.
1260 3741 1323 3748 —
1363 3715 1415 3777 4)
1443 3711 1683 3762 Litterae
1719 3711 1892 3763 ntibus
1929 3715 1988 3762 in
2026 3712 2192 3762 litura
2226 3715 2430 3779 scripta
2464 3718 2606 3775 sunt,
2643 3727 2764 3762 cum
2799 3715 2960 3762 antea
2993 3709 3176 3773 fuisset

619 3809 790 3846 curam
828 3795 1126 3860 agentibus;
1162 3795 1303 3846 idem
1331 3795 1540 3857 factum
1563 3799 1641 3846 est
1661 3798 1723 3848 in
1745 3797 2009 3848 similibus
2033 3798 2244 3848 basibus
2277 3797 2414 3863 Eplz.
2447 3797 2496 3861 7,
2532 3798 2683 3849 4205.
2706 3797 2837 3850 4206
2849 3821 2868 3862 ,·
2902 3796 2969 3847 de
2994 3811 3099 3862 qua
3121 3808 3175 3843 re

616 3875 688 3939 cli
725 3879 797 3929 ad
829 3879 965 3945 Eph.
1000 3882 1047 3942 7,
1082 3882 1227 3932 4206.
1267 3908 1324 3918 -
1366 3885 1416 3944 5)
1454 3882 1535 3931 De
1569 3883 1670 3931 hoc
1703 3879 2074 3946 subpraes'ecto
2109 3883 2334 3946 vigilum
2373 3880 2443 3944 cll
2480 3882 2615 3948 Epk.
2650 3881 2682 3933 7
2711 3899 2767 3947 p.
2800 3882 2922 3933 565.

785 3996 957 4068 2156
1435 4003 1575 4083 imp.
1624 4003 1787 4064 Caes.
1837 4002 1913 4062 M.
1959 4004 2197 4064 Aurelio

1430 4104 1737 4164 Antonino
1784 4105 1955 4183 Aug„
2003 4105 2203 4164 Severi

1432 4206 1580 4285 Aug.
1629 4225 1689 4267 n.
1736 4205 1876 4277 filio,
1922 4206 2119 4265 Parth.
2166 4224 2339 4277 max„

1432 4304 1583 4368 trib:
1619 4315 1742 4387 pot.
1792 4306 1976 4380 Vlll¹,
2022 4326 2143 4368 cos.
2190 4307 2243 4367 11

1889 4453 1900 4463 ,
1995 4405 2185 4457 Antoni

1600 4451 1734 4513 coh.
1783 4451 1806 4511 1
1852 4470 1963 4531 v1g.
1997 4490 2185 4542 niana²

1331 4579 1437 4640 Cn.
1484 4578 1728 4639 Rustius
1773 4579 2024 4640 Rufinus
2067 4578 2253 4657 praes.
2299 4577 2455 4657 vig.³‚

1329 4680 1417 4741 Ti.
1466 4680 1741 4742 Claudius
1785 4679 2161 4741 Marcellinus

1744 4781 1926 4857 trib.⁴,
