3432 5387
881 396 1054 451 Tituli
1087 396 1474 467 imperatorum
1509 397 1807 466 domusque
1841 398 2242 464 imperatoriae.
2725 396 2846 456 185

280 573 542 645 consul.‚
601 573 884 652 praefect.
937 569 948 653 Ι
990 571 1203 651 Libyae
1249 590 1315 632 ac
1360 571 1667 650 patricio²‚
1728 572 2060 632 universam
2108 571 2466 632 Maurusiam
2517 582 2790 653 gentem,
2837 570 2847 656 Ι

280 672 676 760 provi[dentia
705 670 994 756 eiusjdem
1025 672 1510 735 aeminentissimi
1553 673 1662 734 viri
1695 670 1999 757 Thelveste
2050 669 2295 758 [civitas]
2344 693 2374 735 a
2425 669 2851 759 [fJundament.

278 778 580 839 aedificata
627 777 758 837 est.³

458 877 711 929 Theveste
746 879 805 927 in
841 891 990 937 arcu,
1026 878 1272 925 extructo
1309 878 1368 925 in
1399 876 1653 925 honorem
1680 874 1863 925 Seven·
1898 880 1949 925 et
1982 874 2154 925 Iuliae
2176 875 2435 940 Homnae,
2473 892 2576 942 quo
2613 879 2700 925 usi
2730 881 2858 931 sunt

278 980 405 1015 aevo
440 963 723 1029 Byzantio
772 977 891 1013 cum
937 976 1077 1011 nova
1120 962 1333 1011 moenia
1378 960 1569 1022 fierent
1617 960 1781 1021 (VIII
1811 960 1967 1022 4863,
2015 959 2086 1020 cf.
2123 960 2259 1025 ΕμΙι.
2309 962 2480 1025 epigr.
2513 964 2565 1021 5,
2600 961 2738 1025 647).
2786 990 2855 999 -

282 1052 327 1111 1)
364 1049 535 1099 Initio
573 1049 743 1114 periit
790 1049 1007 1111 signum
1059 1048 1233 1096 cmois
1262 1048 1544 1110 praemitti
1581 1045 1796 1095 solitum
1835 1047 2275 1110 inscriptionibus
2309 1049 2694 1111 imperatorum
2729 1047 2857 1096 inde

277 1152 308 1185 α
343 1134 671 1185 Iustiniana.
706 1160 774 1170 —
811 1133 863 1195 2)
898 1131 978 1180 De
1015 1130 1297 1182 Solomone
1334 1129 1403 1190 cll
1440 1130 1664 1195 Procop.
1706 1131 1935 1184 Vandal.
1972 1133 2025 1191 2,
2053 1131 2265 1183 40-45,
2292 1133 2369 1182 49.
2393 1133 2498 1194 2ος
2536 1134 2741 1181 occisus
2777 1136 2857 1182 est

277 1237 323 1270 a.
354 1220 460 1271 545
509 1218 611 1284 (ἰο.
644 1219 697 1282 2,
731 1216 840 1283 24).
889 1244 957 1254 -
1003 1217 1053 1279 3)
1088 1215 1178 1265 Ad
1224 1217 1592 1265 restitutiones
1648 1218 1918 1266 moenium
1968 1218 2268 1266 civitatium
2314 1215 2707 1276 Africanarum
2753 1218 2850 1267 sub

277 1306 586 1356 Iustiniano
632 1305 873 1368 spectant
912 1304 1195 1365 praeterea
1245 1300 1395 1350 tituli
1444 1300 1578 1351 VIII
1610 1300 1719 1352 404.
1756 1301 1869 1353 402.
1906 1303 2023 1353 259.
2059 1302 2169 1353 700.
2197 1301 2344 1353 4259.
2370 1302 2520 1354 2095.
2543 1302 2684 1354 4677.
2707 1302 2851 1353 4799.

273 1390 419 1440 8483.
444 1391 603 1439 8805.
656 1387 791 1452 Eph.
828 1402 907 1451 op.
943 1388 996 1450 5,
1016 1385 1129 1447 799,
1164 1388 1223 1434 in
1260 1400 1487 1450 quorum
1520 1385 1795 1451 plerisque
1831 1390 2149 1437 nominatur
2185 1387 2324 1436 idem
2360 1386 2592 1439 Solomo.

440 1559 581 1629 832
636 1558 690 1620 Β
734 1559 1064 1636 imperante
1108 1557 1162 1616 d.
1211 1578 1271 1617 n.
1316 1557 1580 1637 piissimo
1628 1576 1697 1618 ac
1740 1558 2080 1638 triumphali
2136 1578 2371 1638 semper
2413 1559 2741 1621 Iustiniano
2788 1579 2847 1639 p.

275 1666 354 1743 p.¹
398 1665 576 1742 Aug„
623 1680 761 1721 ann.
807 1658 1177 1733 xxxv11112,
1220 1656 1229 1739 Ι
1267 1659 1480 1721 Narses
1523 1660 1612 1719 vir
1655 1661 2144 1739 gloriosissimus,
2198 1681 2269 1723 ex
2315 1665 2653 1742 praeposito
2699 1663 2852 1723 sacri

275 1765 506 1845 palatii,
564 1782 634 1824 ex
683 1781 849 1823 cons.
888 1758 899 1842 Ι
938 1770 1115 1839 atque
1159 1762 1468 1839 patricius,
1527 1773 1662 1841 post
1712 1763 2012 1823 victoriam
2060 1763 2400 1838 Gothicam,
2456 1765 2598 1844 ipsis
2643 1782 2852 1826 eorum

278 1867 518 1947 regibus
560 1866 571 1947 Ι
609 1863 909 1927 celeritate
953 1862 1202 1923 mirabili
1249 1864 1525 1925 conflictu
1587 1863 1828 1944 publico
1885 1866 2176 1945 superatis
2233 1876 2410 1946 atque
2453 1865 2789 1946 prostratis,
2841 1862 2849 1945 Ι

278 1969 550 2031 libertate
584 1967 747 2029 urbis
777 1966 998 2027 Romae
1036 1984 1104 2026 ac
1136 1966 1315 2026 totius
1344 1966 1544 2026 Italiae
1580 1967 1866 2040 restituta,
1912 1978 2157 2046 pontem
2191 1969 2316 2029 viae
2348 1969 2600 2030 Salariae
2645 1964 2851 2050 usique

278 2071 344 2131 ad
376 2090 594 2152 aquam
626 2089 658 2130 a
688 2067 1105 2129 nefandissimo
1138 2068 1327 2129 Totila
1357 2078 1608 2149 tyranno
1640 2070 2012 2145 distructum,
2058 2082 2307 2150 purgato
2352 2071 2610 2132 fluminis
2643 2070 2804 2131 alveo
2839 2066 2850 2150 Ι

280 2175 334 2234 in
382 2175 696 2235 meliorem
739 2182 955 2232 statum
1001 2189 1175 2249 quam
1223 2173 1520 2250 quondam
1568 2174 1778 2244 suerat,
1824 2174 2143 2234 renovavit.

738 2271 965 2343 ³Quam
1014 2272 1167 2333 bene
1213 2274 1441 2334 curbati
1487 2274 1708 2335 directa
1756 2286 1845 2335 est
1887 2275 2092 2337 semita
2137 2275 2355 2355 ponti8‚

862 2384 1036 2453 atque
1079 2374 1480 2454 interruptum
1529 2376 1913 2438 continuatur
1955 2378 2100 2439 iteri

778 2476 1082 2537 Calcamus
1126 2477 1355 2557 rapidas
1399 2477 1651 2539 subiecti
1693 2479 1946 2559 gurgitis
1992 2481 2197 2554 undaS‚

862 2589 921 2640 et
965 2579 1108 2640 libet
1152 2582 1331 2640 iratae
1377 2599 1624 2641 cernere
1670 2599 1940 2645 murmur
1984 2601 2189 2662 aquae.

686 2693 717 2743 5
776 2681 861 2742 lte
907 2681 1085 2759 igitur
1130 2682 1328 2745 faciles
1372 2703 1481 2763 per
1524 2683 1736 2763 gaudia
1779 2696 1989 2760 vestra,
2036 2683 2312 2759 Quirites,

865 2795 921 2846 et
965 2785 1192 2846 Narsim
1240 2803 1527 2846 resonans
1572 2786 1813 2864 plausus
1860 2787 2079 2867 ubique
2122 2798 2313 2848 canat.

779 2886 892 2958 Qui
936 2888 1134 2967 potuit
1178 2887 1393 2968 rigidas
1438 2888 1765 2949 Gothorum
1809 2889 2063 2951 subdere
2107 2897 2355 2964 mentes,

860 2989 957 3050 hic
1000 2989 1203 3050 docuit
1244 2990 1459 3050 durum
1503 2990 1748 3051 flumina
1796 2993 1949 3052 ferre
1995 2992 2217 3070 iugum.

452 3093 624 3156 Prope
646 3088 868 3141 Romam
903 3093 962 3139 in
981 3094 1146 3155 ponte
1171 3090 1387 3142 Salar-io
1422 3106 1583 3155 super
1605 3090 1868 3140 Anienem
1895 3096 2066 3141 strato
2093 3090 2122 3155 (
2120 3091 2176 3142 V
2171 3091 2201 3141 1
2220 3091 2344 3142 4499
2379 3106 2533 3154 saepe
2568 3090 2852 3153 descripta,

275 3178 515 3240 primum
550 3177 616 3226 ab
654 3180 876 3225 auctore
908 3175 1153 3241 syllogae
1187 3175 1563 3238 Einsidlemis,
1601 3175 1769 3225 donec
1798 3179 1965 3240 periit
1998 3193 2049 3227 a.
2074 3176 2243 3237 4798).
2279 3205 2348 3212 -
2388 3177 2434 3238 1)
2471 3175 2749 3239 Perpetuo.
2785 3201 2853 3210 —

285 3260 335 3323 2)
369 3261 438 3313 A.
472 3263 570 3312 565
600 3264 728 3325 post
761 3258 868 3311 kal.
899 3259 1078 3324 April.
1120 3259 1270 3325 (ante
1306 3263 1615 3310 nuntiatam
1649 3264 1874 3310 mortem
1907 3260 2219 3324 Iustiniani,
2255 3262 2350 3326 qui
2385 3261 2608 3311 decessit
2642 3274 2703 3308 eo
2738 3261 2855 3323 ipso

286 3359 427 3394 anno
453 3346 503 3396 d.
526 3344 585 3394 44
611 3342 795 3410 Νου.).
819 3373 887 3381 -
915 3347 965 3408 3)
990 3345 1091 3395 Hie
1116 3360 1325 3410 quoque
1360 3362 1394 3394 a
1429 3345 1704 3396 nonnullis
1741 3346 2053 3396 auctoribus
2089 3346 2373 3396 ecchibetur
2407 3347 2623 3409 signum
2661 3346 2853 3397 crucis.

452 3515 582 3584 833
649 3515 750 3602 AB„
797 3520 967 3581 salvis
1019 3517 1275 3579 dominis
1327 3517 1545 3578 nostris
1582 3517 2045 3596 xristianissimis
2082 3515 2092 3599 Ι
2133 3526 2191 3578 et
2233 3518 2624 3580 invictissimis
2667 3518 2857 3598 impe-

288 3622 580 3683 ratoribus
617 3620 629 3704 Ι
669 3622 893 3683 Iustino
927 3630 986 3682 et
1016 3621 1171 3682 Sofia
1201 3619 1533 3697 Augustis¹‚
1579 3618 1732 3679 hanc
1762 3619 2151 3680 munitionem
2191 3615 2200 3701 Ι
2242 3619 2455 3681 Tomas
2487 3619 2857 3682 excellentis-

290 3721 473 3783 simus
515 3725 817 3803 prefectus
860 3724 1112 3785 feliciter
1153 3722 1492 3783 aedificavit.

463 3822 768 3874 Thibursicz'
799 3824 943 3875 Bure
981 3822 1309 3884 (Teburmk)
1342 3824 1661 3887 provinciae
1696 3819 1926 3880 Africae
1970 3821 2132 3886 (V111
2161 3822 2289 3875 4434
2336 3822 2472 3872 vidit
2513 3822 2860 3882 Wilmanns).

288 3934 354 3945 —
396 3912 444 3972 1)
477 3911 539 3959 A.
573 3911 807 3974 5651578.

456 4059 584 4129 834
697 4057 998 4146 Χριστὸς
1034 4052 1368 4148 Ἰουστίνῳ
1414 4056 1658 4146 Σο[φίῃ
1705 4051 1787 4122 θ’
1827 4050 1990 4144 ἁγνῇ
2030 4056 2418 4144 βασιλίσσῃ]

702 4165 1025 4248 Τιβερίῳι
1068 4155 1159 4243 τ’,
1208 4159 1321 4228 ἐπὶ
1368 4175 1585 4228 τοῖσιν
1630 4155 1816 4249 ὃλ[ῆς
1855 4158 2107 4243 χθονὸς
2152 4159 2403 4246 ἔτραπε
2445 4157 2666 4245 κῦδος]

695 4266 920 4330 νεῦσεν
966 4255 1341 4351 ἀναστῆσαι
1385 4263 1547 4330 τάδε
1590 4258 1851 4349 [τείχεα,
1894 4261 2135 4340 κάλλος
2182 4257 2510 4348 ἄμετρον]

698 4368 949 4430 Obtullit
992 4370 1239 4450 imperio
1286 4371 1619 4451 praefectus
1664 4412 1924 4429 ......

460 4468 523 4518 In
556 4467 827 4535 Byzacio,
871 4485 981 4520 non
1017 4470 1173 4534 longe
1208 4486 1241 4519 a
1280 4472 1399 4520 vico
1435 4471 1709 4518 maritimo
1745 4467 1988 4528 M'Itares,
2024 4468 2119 4515 ubi
2152 4465 2388 4526 fortasse
2421 4465 2649 4526 fuerunt
2683 4463 2860 4515 Maco-

296 4551 467 4602 mades
499 4556 735 4604 minores
770 4553 930 4614 (VIII
959 4554 1119 4606 40498
1161 4557 1335 4609 Tissot
1371 4554 1656 4618 descripsit
1694 4553 1768 4603 ad
1801 4556 2087 4619 eotypnm).
2163 4550 2465 4602 Versiculos
2504 4549 2732 4601 Graecos
2768 4565 2860 4599 ex-

291 4635 456 4699 plevit
483 4638 864 4691 Wilamowitz.
902 4669 969 4676 —
1006 4642 1053 4701 1)
1080 4639 1418 4703 Intellegitur
1447 4637 1694 4688 Tiberius
1723 4637 2114 4701 Constantinus,
2153 4637 2349 4687 Caesar·
2382 4654 2415 4687 a
2442 4636 2649 4686 Iustino
2686 4636 2861 4686 dictus

296 4736 343 4771 a.
374 4722 485 4772 574.
