3432 5387
620 404 743 464 518
1739 405 1921 475 Caput
1954 405 2051 460 IX.

619 574 811 629 titulus
844 578 1088 640 repertus
1123 580 1216 640 est,
1249 577 1455 625 stetisse
1489 591 1626 626 saec.
1663 540 1750 625 ΠΙ
1782 576 2050 625 eohortem
2072 574 2359 626 secundam
2383 575 2717 626 Breucorum
2752 579 2919 641 atque
2943 578 2997 625 ei
3030 578 3181 626 etiam

616 676 813 713 nomen
847 660 1050 710 dedisse
1084 660 1273 710 docent
1312 660 1544 710 miliarii
1587 660 1784 711 ibidem
1829 663 2033 726 reperti
2078 659 2268 725 (supra
2303 657 2373 713 N.
2406 661 2525 712 575.
2561 660 2698 727 Eph-
2735 677 2819 727 ep.
2853 662 2904 723 7,
2942 661 3085 728 674).
3117 689 3179 700 —-

617 750 672 810 4)
709 747 772 797 A.
805 747 926 798 245.

787 879 958 950 2609
1022 881 1221 943 Caesio
1266 881 1416 942 dcc.²
1455 880 1466 963 Ι
1505 882 1779 943 feliciter!
1822 881 1832 958 Ι
1870 884 2096 944 homini
2141 883 2318 959 bono,
2358 882 2368 966 Ι
2407 884 2623 962 gratias
2651 884 2880 964 agimus
2923 886 2937 963 Ι
2978 901 3180 944 omnes

620 984 1054 1047 commilitones
1093 984 1103 1063 Ι
1143 983 1242 1062 qui
1287 982 1396 1045 sub
1442 1001 1581 1044 cura
1628 986 1755 1046 cius
1798 1003 2021 1047 sumus.

786 1099 957 1171 2610
1022 1102 1092 1173 Q.
1139 1100 1341 1162 Caesio
1397 1100 1625 1162 Valenti
1663 1099 1672 1183 Ι
1712 1100 1863 1163 dec.²
1923 1102 2045 1164 alae
2101 1101 2468 1163 vocontior?
2515 1097 2525 1183 Ι
2576 1095 2903 1186 fcli[ci]tcr1
2970 1100 3181 1162 habeas

616 1205 941 1286 propitium
984 1204 1125 1282 imp.

787 1319 953 1390 2611
1026 1320 1303 1383 omnibus
1339 1320 1349 1404 Ι
1390 1321 1889 1383 commilitonibus
1927 1321 1936 1406 Ι
1979 1322 2077 1401 qui
2107 1323 2204 1383 hic
2225 1324 2470 1383 fuerunt
2497 1321 2566 1381 ad
2606 1319 2615 1401 Ι
2656 1322 2962 1383 custodias
2994 1323 3178 1383 selim

623 1424 635 1509 Ι
681 1424 813 1485 coh.
859 1432 1008 1485 scut.
1053 1443 1104 1485 c.
1150 1423 1220 1485 R.
1268 1423 1542 1485 feliciter!
1583 1420 1593 1505 Ι
1635 1423 1765 1483 coh.
1813 1422 1892 1483 111
1940 1423 2109 1485 Itur.3
2152 1424 2377 1485 felicit.1

792 1525 854 1575 In
887 1524 1153 1589 Aegypto,
1189 1527 1247 1574 in
1284 1523 1501 1574 collium
1537 1525 1632 1588 qui
1656 1522 1912 1574 dicuntur
1935 1522 2392 1589 Djebel-el-Pukk,
2430 1524 2736 1590 lapicidinis
2756 1526 3007 1587 cetratis,
3042 1522 3182 1573 tituli

617 1612 788 1661 minio
805 1611 947 1674 picti
970 1608 1132 1674 (Eph.
1156 1624 1234 1673 ep.
1259 1608 1290 1658 7
1322 1624 1375 1674 p.
1399 1608 1497 1659 427
1522 1608 1687 1660 deser.
1714 1609 1931 1676 Sayce).
1955 1638 2023 1647 —
2052 1612 2099 1674 1)
2125 1609 2339 1661 Caesius
2366 1609 2559 1661 Valens
2581 1607 2802 1659 decurio
2827 1608 2950 1658 alae
2979 1607 3036 1659 V
3034 1623 3179 1657 ocan-

621 1698 823 1747 tiorum
853 1691 1103 1760 praefuit
1149 1693 1408 1743 militibus
1453 1695 1755 1745 cohortium
1808 1698 2049 1746 scutatae
2095 1698 2292 1745 civium
2334 1693 2697 1745 Romanorum
2743 1698 2795 1743 et
2838 1696 3045 1742 tertiae
3081 1692 3179 1741 Itu-

616 1794 870 1832 raeorum
894 1783 946 1828 et
969 1776 1199 1839 fortasse
1223 1777 1459 1828 aliarum
1483 1794 1708 1844 quoque,
1734 1779 2001 1844 deputatis
2024 1780 2097 1830 ad
2118 1780 2414 1830 custodiam
2438 1783 2495 1828 in
2518 1777 2749 1828 metallis
2785 1777 3178 1827 damnatorum.

620 1865 979 1915 Decurionem
1016 1864 1135 1914 alae
1171 1879 1360 1915 euram
1394 1868 1642 1929 agentem
1678 1864 2045 1915 vexillationis
2079 1864 2412 1929 legionariae
2437 1865 2718 1914 habuimus
2739 1878 2911 1928 supra
2936 1860 3012 1912 N.
3035 1864 3177 1913 2485.

618 1978 688 1989 —
711 1951 761 2013 2)
797 1949 955 2000 Alam
983 1948 1385 2015 Vocontiorum,
1421 1950 1576 2000 cuius
1612 1948 1829 2001 Caesius
1859 1946 1976 2009 fuit
2010 1949 2245 2013 decurio,
2280 1947 2429 1999 tituli
2464 1947 2653 2012 (supra
2688 1944 2757 1998 N.
2781 1948 2958 2007 253&
2998 1947 3053 1998 C.
3080 1946 3180 1997 VII

616 2035 770 2101 4080)
816 2036 1084 2084 testantur
1141 2034 1435 2099 aliquando
1482 2036 1543 2083 in
1588 2033 1881 2084 Britannia
1925 2031 2111 2094 fuisse.
2157 2063 2223 2072 —
2272 2037 2324 2098 3)
2374 2033 2571 2085 Cohors
2628 2034 2787 2082 tertia
2835 2032 3171 2099 Ityr-aeorum

616 2123 948 2171 memoratur
981 2120 1125 2168 inter
1148 2119 1361 2168 auxilia
1392 2121 1661 2169 exercitus
1682 2118 2011 2186 Aegyptiaci
2034 2122 2092 2169 in
2119 2120 2408 2185 diplomate
2432 2119 2565 2168 anni
2584 2119 2656 2169 85
2682 2116 2873 2183 (supra
2899 2115 2969 2168 N.
2997 2117 3174 2177 ⁴996),-

618 2207 890 2257 eohortem
922 2206 1187 2253 seutatam
1236 2204 1432 2252 civium
1468 2200 1832 2254 Romanorum
1870 2204 2160 2269 aliquando
2196 2208 2254 2254 in
2289 2206 2535 2270 Aegypto
2569 2200 2741 2263 fuisse
2775 2217 2885 2252 non
2925 2202 3173 2253 traditur.

789 2337 962 2407 2612
1028 2342 1260 2402 Annius
1289 2342 1478 2402 Rufus
1508 2355 1546 2400 γ
1594 2343 1704 2422 leg.
1736 2342 1837 2403 XV
1876 2342 1886 2423 Ι
1924 2343 2332 2422 Apollinaris¹‚
2378 2343 2751 2423 praepositus
2789 2338 2800 2423 Ι
2838 2339 2912 2400 ab
2958 2340 3172 2420 optimo

621 2443 765 2522 imp.
811 2442 1066 2502 Traiano
1107 2442 1117 2525 Ι
1157 2444 1323 2523 operi
1368 2438 1778 2527 ma[r]morum
1823 2445 2010 2506 monti
2049 2444 2058 2527 Ι
2100 2445 2415 2507 Claudiano
2435 2444 2474 2517 ²,
2520 2463 2571 2504 v.
2617 2463 2665 2505 s.
2713 2438 2798 2528 [1.]
2847 2462 2898 2503 a.

788 2561 853 2611 In
894 2558 1155 2610 Thebaide
1189 2560 1262 2610 ad
1292 2564 1522 2609 montem
1558 2561 1716 2611 hodie
1753 2561 1954 2612 dictum
1985 2561 2404 2627 Djebel·Fatire,
2441 2560 2586 2625 olim,
2620 2565 2683 2611 ut
2716 2576 2786 2610 eoe
2822 2562 2926 2611 hac
2960 2561 3174 2624 inserip-

619 2648 764 2698 tione
799 2648 1041 2712 apparet,
1081 2644 1437 2697 Claudianum
1475 2644 1586 2711 (ΙΙΙ
1613 2647 1685 2699 23
1722 2646 1889 2698 deser.
1933 2646 2278 2714 Wilkimon).
2314 2675 2380 2683 —
2435 2649 2482 2710 1)
2519 2645 2643 2698 Nisi
2674 2644 2859 2709 fallor,
2896 2648 3061 2697 etiam
3093 2647 3171 2696 hic

620 2733 866 2783 centurio
902 2731 1234 2795 legionarius
1265 2734 1601 2796 praepositus
1634 2728 1749 2791 fuit
1780 2733 2042 2782 militibus
2075 2735 2238 2782 unius
2260 2732 2343 2782 vel
2376 2732 2733 2797 complurium
2768 2732 3088 2784 cohortium.
3112 2759 3170 2768 -

613 2819 672 2880 2)
711 2814 1040 2866 Claudianus
1074 2815 1248 2865 dictus
1283 2831 1431 2867 mons
1465 2817 1580 2865 sine
1615 2816 1777 2867 dubio
1814 2832 1847 2866 a
1887 2816 2128 2883 Claudia,
2161 2820 2257 2868 sub
2295 2833 2399 2882 quo
2432 2819 2670 2882 primum
2706 2816 3034 2881 lapicidinae
3068 2819 3169 2865 eius

612 2901 1028 2968 porphyreticae
1070 2915 1318 2950 exercere
1364 2903 1580 2965 coeptae
1619 2906 1748 2951 sunt
1783 2900 1946 2966 (Ptin.
1997 2904 2046 2954 Ιι.
2082 2918 2135 2953 n.
2169 2904 2255 2967 56,
2286 2903 2397 2970 37).
2466 2903 2557 2952 Ad
2603 2901 2811 2952 easdem
2856 2901 3168 2966 lapicidinas

609 2987 886 3051 pertinent
917 2985 1064 3035 tituli
1102 2985 1292 3036 Graeci
1330 2984 1382 3036 C.
1419 2986 1459 3037 I.
1500 2984 1589 3035 Gr.
1626 2986 1758 3037 4745
1772 2996 1791 3021 ⁶
1826 3003 1931 3052 seq.
3232 2979 3237 2988 ’

787 3135 956 3206 2613
1028 3138 1325 3200 Fortunae
1364 3138 1373 3222 Ι
1416 3139 1778 3219 Respicienti
1823 3161 1972 3203 sacr.
2012 3142 2021 3226 Ι
2062 3142 2348 3204 Nasellius
2381 3140 2747 3224 Prolclianus
2776 3151 2809 3204 7
2847 3140 2959 3218 leg.
2999 3139 3010 3221 Ι
3047 3137 3166 3200 VIII

618 3243 790 3321 Aug„
835 3239 1225 3324 praerositus
1269 3241 1434 3302 chor.
1475 3239 1484 3322 Ι
1527 3241 1550 3300 Ι
1597 3241 1994 3305 Helvetiorum
2012 3247 2049 3319 ¹,
2088 3241 2098 3327 Ι
2138 3244 2438 3323 Torquato
2487 3254 2546 3305 et
2589 3242 2817 3304 Iuliano
2865 3241 3010 3303 cos.²

790 3343 960 3408 Prope
994 3340 1308 3406 Bo‘ckingen
1344 3341 1765 3408 (Wilrtemberg,
1802 3343 2181 3408 Neckarkreis)
2218 3361 2357 3410 rep.,
2403 3347 2482 3392 est
2516 3342 2811 3407 Swttgarti
2856 3341 3165 3405 (Bt-ambae&

616 3429 753 3480 4385
789 3427 965 3494 vidit).
1002 3455 1067 3463 —
1108 3429 1157 3490 1)
1190 3426 1394 3477 Eadem
1432 3428 1624 3477 cohors
1652 3428 1836 3493 prima
1862 3428 2236 3493 Helvetiorm,
2272 3444 2381 3479 una
2419 3443 2538 3478 eum
2564 3427 2902 3478 Brittonibus
2935 3426 3165 3479 Aurelia-

616 3515 867 3564 nensibus
903 3512 993 3578 (de
1028 3514 1217 3576 quibus
1254 3509 1325 3572 cf.
1361 3510 1511 3572 infra
1551 3513 1624 3562 ad
1655 3513 1725 3564 Ν.
1761 3513 1918 3580 2673)
1956 3515 2015 3563 in
2050 3517 2168 3564 vico
2208 3513 2512 3578 Oetes-ingen
2550 3517 2741 3579 posuit
2774 3514 2957 3564 titulos
2989 3513 3163 3564 Bran·

618 3599 751 3649 back
768 3597 914 3648 4339.
932 3598 1076 3658 4360,
1099 3597 1348 3647 similiter
1369 3598 1464 3647 sub
1486 3612 1618 3648 cura
1640 3600 1968 3648 centurionis
1994 3598 2288 3661 legionarii
2306 3597 2839 3664 (Korrespondenzbl.
2860 3599 2957 3648 der
2980 3594 3165 3647 Westd.

618 3682 880 3733 Zeitscbr.
916 3681 1048 3731 4889
1080 3697 1132 3745 p.
1168 3681 1275 3748 48).
1312 3710 1378 3719 -
1416 3682 1467 3740 2)
1502 3682 1568 3732 A.
1606 3681 1716 3733 448.

785 3831 957 3903 2614
1027 3835 1067 3895 1.
1114 3856 1170 3897 o.
1216 3854 1295 3897 m.
1336 3835 1346 3916 Ι
1383 3836 1550 3897 vexil.
1593 3837 1603 3911 Ι
1641 3836 1771 3902 coh.
1808 3836 1833 3897 l
1870 3833 1881 3918 Ι
1922 3838 2058 3916 ch.
2090 3847 2149 3898 ct
2180 3837 2357 3898 Raur.
2398 3837 2410 3917 Ι
2449 3856 2540 3916 eq.
2586 3837 2696 3899 sub
2742 3856 2869 3898 cur.
2909 3836 2918 3918 Ι
2957 3838 3161 3896 Anton.

620 3932 906 4021 Natall[i]s
956 3952 993 4002 7
1044 3937 1156 4018 leg.
1201 3937 1360 3998 XXII
1407 3937 1470 3998 P.
1510 3936 1522 4019 Ι
1562 3956 1620 4016 p.
1668 3939 1751 4012 f.¹‚
1798 3937 1872 3998 ob
1920 3938 2091 4019 burg.
2139 3936 2391 4022 exlplic.²
2433 3958 2485 4000 v.
2531 3959 2578 4001 s.
2624 3940 2661 4000 l.
2708 3940 2746 4000 l.
2791 3956 2872 3998 m.

793 4037 856 4087 In
910 4037 1124 4088 castello
1179 4038 1463 4089 Scblossau
1508 4052 1681 4102 prope
1724 4037 1907 4088 Baden
1957 4037 2557 4105 (Korrespondenzblatt
2599 4039 2695 4089 der
2747 4036 3157 4090 Westdeutselten

619 4122 883 4173 Zeitschr.
915 4120 959 4183 f.
999 4120 1178 4173 Gesclz.
1214 4138 1270 4174 u.
1309 4121 1478 4172 Kunst
1510 4123 1638 4173 4884
1671 4137 1726 4187 p.
1762 4123 1872 4185 83).
1919 4151 1984 4160 —-
2037 4126 2084 4188 1)
2129 4123 2288 4175 Alius
2330 4125 2524 4174 titulus
2559 4140 2711 4190 quem
2765 4125 2957 4174 cohors
2997 4123 3156 4187 prima

620 4207 993 4272 Sequanorum
1018 4211 1070 4256 et
1092 4205 1462 4257 Rauracorum
1488 4209 1746 4271 equitata,
1783 4207 1867 4257 vel
1900 4211 2061 4258 etiam
2096 4207 2374 4259 oea-illatio
2411 4211 2541 4270 eius,
2577 4225 2627 4261 a.
2650 4209 2749 4259 492
2782 4211 2963 4274 posuit
2993 4216 3158 4256 curan

620 4294 814 4356 agente
848 4294 1157 4342 centurione
1194 4290 1421 4355 legionis
1454 4295 1737 4343 vicesimae
1771 4293 2035 4344 secundae
2070 4293 2449 4358 Primigeniae,
2479 4293 2691 4359 prodiit
2711 4289 3072 4352 Frank-esurii
3101 4301 3159 4335 ex

619 4376 838 4426 ecclesia
883 4376 1185 4426 cathedrali
1245 4375 1396 4441 (ann.
1443 4375 1607 4427 Men.
1652 4376 1801 4443 3514,
1851 4379 1984 4430 4875
2034 4395 2089 4444 p.
2138 4378 2275 4445 434).
2356 4379 2608 4429 Eiusdem
2657 4380 2893 4429 cohortis
2940 4373 3154 4427 centurio

618 4461 976 4525 Mittenbergi,
1001 4462 1096 4511 ubi
1118 4464 1171 4510 et
1192 4460 1346 4512 aliud
1366 4461 1734 4527 fragmentum
1758 4462 1832 4513 ad
1852 4478 1969 4513 eam
1989 4465 2263 4528 pertinens
2285 4467 2553 4528 repertum
2572 4467 2652 4512 est
2674 4463 3000 4529 (Brambaclz
3016 4460 3155 4516 4744),

615 4548 804 4613 posuit
836 4546 1052 4596 titulum
1089 4547 1290 4596 editum
1327 4563 1359 4596 a
1387 4546 1619 4597 Chr-istie
1654 4562 1779 4598 ann.
1805 4546 1967 4598 Rhen.
1990 4549 2078 4610 32,
2102 4548 2232 4598 4872
2266 4564 2319 4614 p.
2344 4550 2409 4599 86
2444 4550 2530 4610 [==-·
2548 4547 2853 4599 Brambach
2877 4548 3033 4609 47401.
3086 4537 3154 4599 Cf·

619 4633 782 4680 etiam
806 4646 972 4695 supra
997 4629 1065 4681 Ν.
1088 4633 1238 4684 2384.
1270 4659 1333 4667 -
1359 4633 1412 4693 2)
1439 4631 1510 4682 Ob
1538 4633 1767 4696 burgum
1802 4634 2131 4698 eaeplicatum
2157 4635 2413 4697 (burgum
2448 4633 2740 4698 eaeplicare,
2773 4630 3004 4693 fortasse
3036 4628 3151 4679 idem

622 4716 765 4780 quod
799 4731 1195 4779 consummare,-
1231 4717 1486 4782 explicito
1525 4717 1733 4768 balineo
1771 4720 1957 4769 titulus
1992 4718 2340 4768 Britannicus
2376 4716 2480 4768 VII
2511 4720 2610 4768 984
2641 4719 2849 4783 positus
2883 4721 3001 4780 est).
