3432 5387
1304 377 1478 434 Tituli
1510 376 1792 434 militares.
2701 377 2825 436 495

745 549 876 610 coh.
924 549 996 610 Vl
2084 550 2216 612 coh.
2264 551 2336 610 Vl

256 645 298 701 7
348 633 644 697 Treboni:
1597 648 1633 696 7
1686 635 1900 696 Firmi:

349 734 427 796 M.
477 735 741 798 Valerius
784 736 860 796 Μ.
907 737 949 796 s.
997 736 1120 797 Pol.
1168 736 1339 797 Sid.¹²
1683 739 1746 800 C.
1793 738 2045 817 Spedius
2091 738 2152 799 C.
2202 739 2239 798 f.
2288 737 2410 797 Pol.
2460 737 2672 818 Cyren.

258 848 297 904 Ἰ
349 837 542 898 Curti:
1593 852 1631 909 Ὶ
1682 841 1903 921 Longi:

350 937 412 1000 C.
459 938 723 1001 Valerius
768 937 828 1000 C.
877 940 914 999 f.
963 939 1102 1019 Pap.
1150 940 1390 1001 Nicae.¹³
1684 942 1747 1003 C.
1793 942 2088 1004 Antonius
2132 941 2194 1002 C.
2242 943 2280 1002 f.
2329 941 2453 1001 Pol.
2501 942 2663 1002 Alex.

256 1058 290 1109 7
345 1040 520 1102 Mini:
1600 1057 1640 1108 'r
1687 1043 1912 1105 Flacci:

350 1143 413 1204 C.
461 1143 714 1205 Granius
759 1142 820 1205 C.
865 1144 908 1203 f.
957 1143 1080 1203 Pol.
1127 1143 1273 1203 Anc.
1681 1146 1746 1207 P.
1793 1145 2062 1225 Papirius
2107 1145 2171 1205 P.
2218 1146 2257 1204 f.
2307 1145 2429 1205 Pol.
2477 1146 2624 1205 Anc.

267 1260 304 1311 7
353 1245 513 1306 Coti:
1589 1262 1629 1311 7
1676 1249 1843 1309 Vari:

348 1345 410 1408 C.
458 1346 721 1408 Valerius
764 1345 826 1407 C.
874 1347 914 1407 f.
960 1347 1084 1407 Gal.
1130 1346 1316 1425 Lugd.
1680 1352 1743 1412 C.
1791 1350 2101 1431 Longinus
2147 1349 2209 1410 C.
2256 1349 2295 1408 f.
2342 1348 2467 1409 Pol.
2515 1357 2654 1409 cast.

255 1463 295 1518 7
345 1447 593 1510 Curiati:
1589 1466 1620 1521 7
1676 1453 1880 1515 Pacci:

347 1551 407 1612 C.
455 1551 707 1611 Trebius
753 1550 813 1611 C.
861 1552 902 1611 s.
946 1551 1094 1630 Pup.
1142 1550 1412 1611 Paraet.¹⁴

255 1668 287 1720 Υ
341 1653 586 1715 Galbae:

347 1756 408 1817 C.
454 1754 719 1817 Aufidius
764 1753 826 1816 C.
872 1755 912 1814 s.
959 1754 1083 1815 Pol.
1130 1754 1318 1815 cast.¹⁸

1679 1555 1745 1616 P.
1792 1554 2022 1616 Flavius
2068 1554 2131 1614 P.
2177 1554 2218 1614 s.
2267 1552 2481 1612 Anien.
2529 1550 2710 1629 Paph.

1589 1668 1624 1721 7
1678 1657 1997 1718 Hordioni:

1679 1758 1742 1819 C.
1791 1758 2117 1819 Romanius
2162 1756 2224 1818 C.
2273 1756 2311 1815 s.
2360 1753 2500 1815 Fab.
2548 1750 2727 1813 Ber.¹⁸

727 1959 860 2020 coh.
909 1958 1011 2018 vu
2042 1961 2172 2022 coh.
2220 1953 2375 2046 v[11]

1598 2075 1911 2142 (Perierunt
1962 2081 2182 2129 nomina
2233 2076 2470 2127 militum
2524 2073 2825 2123 cohortium

1591 2165 1863 2228 septimae,
1886 2169 2119 2224 octavae,
2138 2177 2328 2223 nonae,
2348 2160 2611 2220 decimae;
2635 2155 2825 2207 deinde

1594 2250 1816 2299 nomina
1834 2249 2135 2299 cohortium
2156 2246 2579 2297 auoeiliariarum
2588 2258 2685 2292 sex
2704 2256 2825 2291 cum

1713 2335 2020 2383 nominibus
2054 2336 2426 2383 centurionum
2460 2328 2697 2394 septem).

263 2076 572 2142 (Perierunt
618 2080 678 2125 ut
725 2076 938 2125 videtur
992 2077 1214 2125 nomina
1260 2074 1491 2125 militum

259 2162 563 2213 cohortium
595 2163 868 2226 septimae,
914 2166 1146 2223 octavae,
1181 2176 1371 2225 nonae,
1407 2160 1489 2209 de·

258 2249 427 2297 cimae
437 2265 457 2308 ,·
481 2245 672 2296 deinde
690 2248 909 2295 nomina
936 2244 1148 2296 alarum
1173 2247 1357 2310 trium,
1374 2260 1493 2294 cum

257 2332 566 2381 nominibus
613 2330 963 2381 decurionum
1012 2332 1274 2396 quinque,
1319 2329 1493 2393 dupli-

260 2417 402 2467 carii
422 2417 600 2476 unius,
635 2415 1167 2480 sesquiplicariorum
1191 2413 1492 2479 quattuor).

537 2496 1160 2586 ......[f.s.³.]

344 2548 565 2665 alarum
613 2602 750 2663 ΙΙΙ*7
795 2605 923 2664 dec.
971 2604 1035 2677 V,

344 2707 506 2786 dupl.
553 2707 599 2781 Ι,
643 2707 983 2785 sesquiplic.
1029 2705 1159 2777 IIII,

343 2809 571 2888 equites
616 2807 1014 2870 CCCCXXIIII

1591 2504 1726 2565 coh.
1772 2504 1797 2563 1
1863 2503 2069 2576 Theb„
2115 2504 2210 2563 cui
2256 2511 2489 2582 praeest

1677 2605 1812 2665 Sex.
1861 2605 2175 2684 Pompeius
2220 2604 2471 2664 Merula:

1588 2720 1627 2767 γ
1675 2708 1737 2769 C.
1784 2707 2101 2768 Terentius
2147 2707 2447 2776 Maximus,

1591 2823 1631 2868 Υ
1666 2809 1727 2882 C.
1776 2808 1959 2870 Iulius
2004 2809 2340 2881 MontanuS‚

1591 2926 1629 2971 γ
1679 2911 1746 2971 L.
1794 2912 2084 2972 Domitius
2129 2913 2303 2988 Aper.

1784 3032 1967 3074 sum.:
2013 3025 2049 3072 7
2094 3011 2263 3072 Ill¹⁸:

1586 3118 1627 3178 s.
1674 3136 1721 3177 s,
1768 3136 1815 3177 s.
1863 3116 1994 3176 coh.
2042 3114 2205 3174 v11¹⁹
2256 3113 2352 3181 *1²⁰
2394 3111 2464 3185 X,

1671 3218 1812 3297 eq.²¹
1860 3217 2009 3289 LXI,
2055 3215 2223 3277 mil.²²
2269 3212 2748 3276 DCCLXXXIIX.

429 3336 546 3397 Per
589 3335 905 3410 eosdem”,
966 3337 1066 3414 qui
1119 3355 1297 3415 supra
1345 3337 1547 3416 scripti
1595 3346 1766 3411 sunt,
1819 3335 2071 3418 11a00i2⁴
2126 3335 2411 3395 aedificati
2458 3343 2516 3394 et
2571 3333 2819 3393 dedicati

255 3447 428 3500 sunt:
488 3437 811 3517 Apollonos
870 3436 1248 3517 hydreuma²⁴
1310 3439 1412 3498 Vll
1470 3438 1527 3499 k.
1575 3439 1845 3512 Ianuar.,
1897 3437 1908 3519 Ι
1967 3437 2293 3516 compasi²⁸
2336 3437 2393 3496 k.
2440 3436 2747 3514 AugustiS‚
2807 3433 2819 3516 Ι

257 3538 656 3600 Berenicide²⁸
700 3538 882 3599 XVIII
938 3539 996 3600 k.
1044 3539 1297 3613 Ianuar„
1338 3539 1346 3613 Ι
1386 3540 1805 3621 Myosbormi²⁸
1849 3540 1979 3600 idus
2024 3540 2287 3614 Ianuar.;
2338 3536 2348 3621 Ι
2389 3549 2637 3598 castram
2688 3542 2816 3609 (sic)

256 3641 715 3702 aedificaverunt
759 3650 818 3701 et
862 3642 1218 3702 refecerunt.

430 3741 582 3806 Copti
615 3742 675 3790 in
718 3740 980 3792 Thebaide
1027 3757 1139 3807 rep.
1188 3758 1238 3792 a.
1273 3742 1407 3794 4883
1445 3742 1659 3793 tabulae
1705 3741 1871 3805 duae,
1918 3757 2054 3807 quae
2099 3742 2355 3791 videntur
2397 3739 2568 3801 fuisse
2611 3758 2680 3790 ea:
2726 3759 2825 3793 sex

253 3828 414 3875 tertia
449 3832 502 3874 et
535 3829 723 3876 sexta:
759 3829 998 3892 repperit
1033 3827 1297 3892 Maspero,
1333 3827 1407 3877 ad
1440 3831 1632 3893 ectypa
1668 3827 1842 3876 edidit
1876 3826 2162 3878 Mommsen
2199 3826 2282 3877 III
2319 3826 2373 3880 S.
2408 3828 2538 3877 6627
2575 3826 2665 3892 (==
2682 3827 2820 3892 Eplt.

253 3926 333 3976 ep.
367 3913 419 3971 ὅ,
454 3910 544 3977 45)
581 3915 633 3960 et
667 3913 1048 3961 commentario
1085 3911 1406 3973 illustravit,
1451 3928 1521 3962 ea:
1556 3927 1660 3976 quo
1693 3911 1950 3977 pleraque
1994 3912 2275 3976 desumpsi.
2323 3939 2388 3948 —
2430 3911 2639 3962 Titulus
2675 3915 2821 3962 testi·

252 3997 350 4046 bus
385 3997 516 4060 ipsis
552 3996 747 4046 litteris
770 4000 823 4046 et
845 3995 972 4046 aliis
998 3997 1314 4061 quibusdam
1339 3999 1496 4048 rebus
1521 3994 1617 4059 (cll
1652 3995 1804 4056 infra
1840 4000 1949 4048 not.
1972 3998 2026 4050 2.
2054 3998 2165 4063 25),
2199 3999 2433 4061 scriptus
2466 4001 2543 4046 est
2577 3998 2672 4046 sub
2704 3999 2822 4060 pri·

251 4095 463 4131 morum
499 4083 882 4145 imperatorum
918 4082 1127 4147 aliquo,
1176 4079 1408 4141 fortasse
1440 4084 1536 4132 sub
1585 4085 1701 4146 ipso
1739 4082 2000 4146 Augusto.
2071 4082 2343 4131 Pertinuit
2376 4079 2448 4130 ad
2493 4083 2608 4129 vias
2642 4077 2824 4139 saetas

254 4167 314 4215 in
337 4165 587 4230 Aegypto
621 4167 913 4231 superiore,
952 4181 1217 4230 operaque
1241 4166 1503 4217 nonnulla
1539 4169 1698 4216 iuxta
1732 4182 1822 4215 eas
1851 4167 1965 4215 vias
1989 4170 2253 4230 extructa,
2288 4182 2321 4216 a
2357 4164 2635 4228 militibus,
2673 4163 2822 4213 lectis

255 4266 284 4300 e
319 4251 622 4314 legionibus
656 4253 707 4299 et
743 4251 846 4300 alis
881 4252 1291 4316 cohortibusque
1327 4251 1647 4301 auxiliariis
1692 4253 1962 4301 exercitus
1994 4251 2338 4317 Aegyptiaci.
2395 4250 2486 4300 Ex
2521 4250 2825 4314 legionibus

254 4334 382 4385 lecti
404 4339 561 4384 erant
575 4338 760 4399 pauci,
794 4334 1002 4385 scilicet
1033 4335 1243 4399 singuli
1265 4352 1334 4386 ese
1356 4336 1588 4400 singulis
1624 4338 1899 4397 centuriis,
1924 4364 1991 4373 —
2016 4340 2067 4384 et
2101 4337 2160 4386 1ιί
2182 4337 2502 4385 nominatim
2529 4337 2823 4401 perscripti

255 4424 414 4470 erant
445 4447 530 4484 —,
564 4420 732 4471 multo
764 4419 950 4485 plures
983 4437 1054 4470 ea:
1101 4421 1205 4470 alis
1238 4422 1648 4485 cohortibusque
1684 4418 1781 4486 (cll
1818 4418 2015 4486 infra).'
2057 4449 2121 4456 —
2175 4423 2222 4484 1)
2271 4421 2511 4486 Apparet
2556 4422 2824 4470 recenseri

255 4506 416 4555 iuxta
457 4507 666 4570 positos
713 4505 945 4556 duarum
994 4505 1263 4570 legionum
1310 4506 1536 4568 milites,
1584 4522 1612 4555 e
1656 4505 1888 4571 singulis
1934 4507 2190 4555 centuriis
2230 4506 2489 4570 singulos.
2558 4505 2822 4571 Legiones

253 4589 392 4639 duae
426 4588 663 4650 sortasse
695 4595 821 4640 sunt
855 4593 1014 4641 tertia
1043 4590 1341 4656 Cyrenaica
1377 4595 1430 4641 et
1462 4593 1715 4641 vicesima
1750 4591 1983 4641 secunda
2020 4591 2393 4657 Deiotariana,
2428 4608 2461 4640 a
2498 4593 2823 4657 temporibus

261 4672 464 4724 Tiberii
497 4689 664 4739 usque
699 4676 772 4726 ad
811 4675 1106 4727 Traianum
1145 4677 1204 4724 in
1237 4676 1486 4742 Aegypto
1524 4675 1812 4728 tendentes.
1838 4704 1903 4713 —
1930 4678 1978 4740 2)
2003 4673 2144 4727 Nota
2180 4676 2374 4726 milites
2410 4692 2590 4726 omnes
2625 4691 2819 4740 cogno-

253 4763 395 4809 mine
418 4760 700 4825 abstinere,
735 4761 795 4811 id
816 4761 961 4826 quod
989 4761 1252 4812 indicium
1278 4766 1353 4811 est
1382 4763 1573 4812 aetatis
1597 4763 1946 4828 antiquioris,
1976 4767 2254 4828 praeterea
2281 4762 2419 4813 nulli
2442 4776 2627 4812 eorum
2649 4758 2824 4821 fuisse
