3432 5387
604 426 681 485 27
691 427 727 483 6
1705 423 1886 492 Caput
1917 423 2042 478 1111.

781 597 1084 661 Sar-zanoe,
1124 598 1220 648 uhi
1250 594 1365 657 fuit
1397 595 1553 645 Luna
1591 594 1830 660 (Notizie
1854 594 1981 646 1890
2009 611 2066 660 p.
2101 595 2242 662 577).
2277 623 2342 632 -
2387 597 2433 658 1)
2468 595 2658 646 Nescio
2694 611 2764 645 en
2800 602 2853 645 et
2887 595 3178 646 detendunt

601 687 689 736 sit.
726 711 792 720 —
830 684 882 747 2)
918 697 967 733 ν.
1004 698 1046 733 c.
1085 682 1229 747 (viro
1267 681 1590 747 clarissimo)
1639 681 1728 730 hic
1763 682 2029 744 positum,
2068 686 2358 746 propterea
2409 681 2555 747 quod
2588 680 2934 732 Constantius
2967 681 3042 731 ad
3070 680 3178 731 ad-

602 770 1048 819 ministrationem
1084 764 1308 817 Tusciae
1343 771 1395 815 et
1430 765 1677 819 Umbriae
1709 770 1997 831 provectus
2037 768 2277 831 primum
2322 765 2737 816 clarissimatum
2773 765 2996 831 adeptus
3031 773 3175 827 erat,

601 869 721 904 cum
756 857 916 903 antea
950 854 1008 901 in
1036 849 1494 917 perfectissimatu
1527 851 1859 901 substitisset.

775 1021 945 1092 1253
1011 1023 1213 1085 Clodio
1262 1017 1659 1108 Octavian[o]¹
1702 1023 1711 1099 Ι
1748 1041 1801 1083 v.
1848 1041 1898 1082 c.
1947 1017 2269 1106 pontiflc[i]
2312 1020 2323 1104 Ι
2363 1021 2598 1096 maiori,
2657 1020 2924 1082 consuli²
2959 1020 2971 1102 Ι
3009 1022 3174 1083 Pan·

602 1128 918 1189 noniarum
959 1128 969 1210 Ι
1008 1126 1304 1187 secundae
1349 1134 1484 1205 post
1520 1124 1531 1207 Ι
1571 1125 1835 1205 presides
1885 1133 2010 1194 (sic)
2054 1124 2268 1203 primo,
2306 1122 2317 1204 Ι
2356 1124 2573 1184 vicario
2624 1124 2790 1186 urbis
2829 1121 2840 1204 Ι
2878 1123 3120 1196 Romae,
3159 1121 3171 1205 Ι

584 1230 810 1305 ‚comiti
847 1226 858 1311 Ι
899 1229 1123 1290 ordinis
1167 1227 1362 1307 primi,
1403 1224 1412 1309 Ι
1452 1228 1599 1288 ordo
1644 1222 2115 1310 Bovianelnsium
2160 1236 2413 1305 patrono
2453 1222 2463 1308 Ι
2502 1227 2614 1287 iam
2659 1226 2903 1305 privato.

773 1330 1004 1379 Boviani
1037 1329 1097 1377 in
1123 1327 1344 1379 Samnio
1369 1325 1624 1388 (1712566
1659 1328 1798 1391 vidit
1821 1325 2150 1388 Mommsen).
2175 1353 2238 1363 ·-—
2269 1327 2317 1387 1)
2353 1326 2496 1376 Idem
2531 1324 2643 1387 fuit
2678 1328 2840 1375 etiam
2873 1326 3176 1390 proconsul

601 1412 851 1474 Africae,
900 1414 996 1462 sub
1045 1414 1257 1463 Iuliano
1293 1416 1345 1462 et
1378 1414 1627 1473 Ioviano,
1667 1409 1738 1471 cl'.
1773 1427 1938 1477 supra
1975 1409 2043 1462 Ν.
2073 1411 2203 1472 756,-
2235 1413 2459 1475 periisse
2493 1410 2709 1460 videtur·
2744 1426 2793 1463 a.
2829 1408 2927 1462 574
2967 1412 3168 1471 (Anam.

599 1500 684 1560 29,
708 1500 761 1559 3,
786 1499 860 1565 4).
898 1527 960 1535 —
1001 1500 1052 1561 2)
1088 1498 1288 1548 Debuit
1323 1514 1431 1547 esse
1466 1496 1740 1548 consulari.

772 1632 945 1703 1254
1009 1635 1094 1696 Fl.
1142 1634 1415 1696 Sallustio
1462 1652 1516 1694 V.
1563 1652 1615 1693 c.
1655 1630 1665 1715 Ι
1705 1652 1870 1695 cons.
1918 1633 2218 1694 ordinario
2235 1635 2273 1703 ²,
2326 1634 2335 1715 Ι
2387 1637 2569 1714 praes.
2615 1634 2844 1714 praet.²‚
2903 1634 3100 1695 comiti
3156 1632 3168 1718 Ι

605 1738 974 1811 consistorii,
1020 1737 1237 1798 vicario
1277 1736 1287 1818 Ι
1327 1736 1459 1797 urbi
1509 1736 1762 1806 Romae,
1817 1735 2034 1795 vicario
2073 1734 2083 1815 Ι
2124 1736 2573 1815 Hispaniarum,
2626 1736 2844 1797 vicario
2895 1734 2907 1817 Ι
2957 1736 3168 1814 quinq.

601 1840 1076 1921 provinciarum,
1128 1838 1138 1919 Ι
1190 1838 1369 1918 pleno
1421 1838 1730 1917 aequitatis
1766 1839 1777 1914 Ι
1825 1856 1893 1897 ac
1938 1839 2095 1911 fidei,
2142 1839 2217 1899 ob
2262 1839 2493 1900 virtutis
2532 1835 2542 1921 Ι
2580 1838 2990 1916 meritorumq.
3035 1836 3170 1914 glo-

602 1943 753 2002 riam
793 1942 804 2024 Ι
844 1941 1037 2003 missis
1095 1941 1265 2020 legat.
1322 1941 1431 2000 ius.
1478 1940 1623 2000 sac.³
1660 1937 1670 2018 Ι
1712 1939 2028 2019 Hispaniae
2088 1942 2452 2002 dicaverunt.
2542 1948 2631 2007 (In
2666 1948 2856 2011 latere)
2901 1939 3169 2000 dedicata

584 2042 646 2100 'V
694 2043 807 2103 kal.
856 2026 985 2103 Iun'.
1027 2040 1038 2122 Ι
1077 2043 1206 2103 divo
1253 2042 1491 2102 Ioviano
1536 2043 1685 2119 Aug.
1733 2051 1792 2102 et
1841 2038 2254 2127 Varronian[o]
2299 2041 2308 2120 Ι
2348 2042 2525 2103 coss.⁴

770 2140 966 2191 Romae
999 2143 1057 2192 in
1093 2139 1217 2201 soro
1248 2140 1475 2192 Traiani
1508 2140 1763 2201 (V14729
1800 2142 1960 2192 deser.
1993 2143 2312 2205 Bormann).
2347 2170 2413 2178 —
2453 2146 2498 2206 1)
2533 2143 2600 2193 Α.
2635 2143 2742 2194 565
2777 2157 2898 2192 cum
2934 2141 3168 2193 Iuliano.

602 2255 661 2263 —
703 2228 754 2290 2)
791 2225 1006 2277 Scilicet
1035 2225 1334 2278 Galliarum
1357 2243 1408 2276 a.
1431 2227 1528 2278 361
1547 2242 1651 2291 seq.
1691 2228 1983 2288 (Ammian.
2007 2228 2093 2291 21,
2116 2230 2167 2289 8,
2193 2228 2240 2282 Ι.
2274 2228 2366 2291 25,
2389 2227 2435 2289 4,
2461 2227 2507 2279 4.
2545 2242 2586 2278 c.
2612 2230 2664 2291 5,
2685 2230 2759 2292 4).
2798 2257 2859 2266 —
2900 2229 2954 2291 3)
2987 2228 3168 2279 Missis

600 2312 793 2375 legatis
827 2314 1063 2361 iussione
1096 2326 1270 2360 sacra.
1306 2338 1373 2348 -—-
1409 2314 1459 2373 4)
1496 2312 1562 2365 A.
1586 2314 1702 2364 564.

769 2481 936 2552 1255
1006 2483 1348 2544 Saturninio
1397 2484 1692 2545 Secundo¹
1750 2503 1803 2544 V.
1852 2504 1902 2545 c.
1954 2482 1965 2563 Ι
2004 2483 2257 2564 praesidi
2303 2483 2641 2563 provinciae
2686 2484 3102 2562 Aquitanicae,
3148 2480 3159 2565 Ι

597 2586 877 2665 magistro
924 2585 1262 2658 memoriae,
1308 2586 1508 2646 comiti
1541 2582 1785 2666 ordilnis
1816 2586 2008 2665 primi,
2057 2585 2403 2665 proconsuli
2432 2586 2685 2659 Africae,
2730 2586 2871 2646 item
2910 2590 2919 2663 Ι
2959 2587 3163 2648 comiti

599 2689 827 2751 ordinis
871 2687 1049 2768 primi
1095 2688 1245 2749 intra
1277 2684 1715 2770 conlsistorium
1761 2697 1821 2748 et
1855 2687 2170 2767 quaestori,
2216 2689 2399 2767 praes.
2441 2685 2451 2769 Ι
2491 2687 2786 2768 praetorio
2819 2689 3055 2762 iterum,
3085 2688 3160 2751 ob

596 2791 880 2872 egregia!
930 2791 1057 2852 eius
1104 2791 1164 2851 in
1225 2790 1646 2870 rempublicam
1702 2790 1908 2850 merita
1966 2790 2061 2851 dd.
2121 2809 2225 2850 nn.
2288 2790 2730 2852 Valentinianus
2791 2799 2850 2852 et
2900 2790 3162 2874 'Valens

594 2894 848 2955 victores
915 2911 985 2954 ac
1042 2888 1462 2976 triumfaltores
1518 2909 1758 2971 semper
1813 2892 2060 2970 Augusti
2107 2895 2116 2968 Ι
2169 2901 2418 2953 statuam
2482 2892 2591 2954 sub
2665 2910 2811 2953 auro
2869 2891 3159 2978 constiltui

595 2995 896 3074 iocarique
942 2995 1259 3056 iusserunt.

771 3094 968 3146 Romae
1015 3096 1156 3144 basis
1203 3094 1394 3156 effossa
1439 3109 1576 3144 saec.
1610 3092 1739 3143 XVI
1784 3109 1811 3142 e
1860 3090 1986 3152 foro
2029 3090 2281 3157 Traiani,
2329 3093 2530 3143 dudum
2574 3096 2741 3157 periit
2788 3094 2891 3156 (VI
2924 3096 3049 3148 ⁴764
3094 3096 3165 3148 ad

596 3179 896 3246 exemplum
944 3184 1259 3230 accuratum
1311 3177 1528 3228 Nicolai
1563 3177 1875 3241 Florentii).
1909 3203 1981 3213 —-
2022 3179 2069 3241 1)
2105 3177 2204 3227 Hic
2245 3182 2323 3228 est
2356 3177 2633 3229 Secundus
2659 3178 2969 3243 praefectus
3006 3198 3162 3247 prae-

597 3267 740 3315 torio
790 3263 1103 3327 (Orientis),
1150 3263 1221 3313 ad
1264 3277 1416 3327 quem
1463 3278 1573 3313 non
1617 3278 1794 3328 pauca
1840 3265 2102 3327 rescripta
2148 3263 2404 3328 leguntur·
2453 3267 2512 3312 in
2567 3263 2749 3314 codice
2796 3264 3160 3319 Theodosiana

597 3366 649 3400 a.
670 3350 960 3411 362-364‚
998 3350 1192 3398 auctor·
1223 3349 1440 3412 imperii
1463 3349 1523 3397 in
1548 3348 1990 3399 Valentinianum
2027 3346 2344 3408 conferendi
2379 3348 2726 3413 (Plu’lostorg.
2748 3351 2800 3414 8,
2821 3351 2900 3417 8),
2936 3354 3001 3401 ab
3037 3353 3162 3403 Am-

595 3436 778 3485 miano
824 3432 982 3483 semel
1021 3432 1323 3499 appellatus
1359 3431 1632 3483 Secundus
1669 3433 1959 3485 Sallustius
1996 3431 2111 3498 (22,
2133 3435 2187 3494 5,
2211 3431 2285 3494 Ι),
2328 3436 2542 3499 saepius
2589 3435 2654 3483 ab
2702 3434 2910 3500 eodem,
2959 3439 3084 3486 item
3129 3454 3162 3488 a

596 3517 814 3570 Zosimo
852 3518 928 3580 (3⁷,
952 3519 1046 3585 56)
1074 3517 1364 3569 Sallustius
1401 3522 1610 3568 tantum
1647 3518 1922 3581 (Sallustii
1943 3533 2134 3568 nomen
2168 3521 2344 3583 potest
2371 3519 2601 3582 periisse
2635 3520 2695 3567 in
2722 3519 2934 3584 plintho
2971 3522 3164 3585 basis);

596 3604 663 3653 ab
701 3603 881 3653 eodem
913 3606 1121 3668 positus
1154 3607 1231 3653 est
1266 3619 1315 3653 a.
1338 3605 1445 3657 565
1482 3604 1669 3653 titulus
1701 3618 1869 3668 supra
1906 3600 1976 3653 Ν.
2010 3602 2122 3654 764.
2185 3602 2266 3664 Cl'.
2310 3601 2594 3652 Tillemont
2629 3603 2827 3656 Iulian.
2863 3610 2975 3657 not.
2996 3609 3049 3658 ὅ.

770 3753 939 3824 1256
999 3758 1273 3838 Hymetii.
1304 3791 1389 3802 —
1428 3757 1437 3836 Ι
1479 3801 1493 3815 .
1517 3801 1531 3816 .
1558 3801 1571 3815 .
1605 3756 1754 3817 Iulio
1785 3756 1962 3818 Festo
1995 3757 2299 3839 Hymetio²
2341 3775 2393 3818 c.
2421 3777 2494 3833 v.,
2521 3754 2530 3840 Ι
2559 3759 2883 3820 correctori
2915 3760 3162 3823 Tusciae

601 3867 660 3919 et
703 3859 999 3934 Umbriae,
1046 3859 1308 3940 praetori
1350 3858 1600 3933 urbano,
1638 3857 1649 3940 Ι
1689 3859 1989 3920 consulari
2022 3859 2375 3940 Campaniae
2420 3877 2555 3920 cum
2597 3860 2860 3936 Samnio,
2898 3861 2909 3943 Ι
2948 3863 3159 3924 vicario

599 3961 763 4022 urbis
793 3962 1016 4023 Romae
1060 3961 1390 4034 aeternae²,
1436 3961 1781 4040 proconsuli
1821 3957 1830 4042 Ι
1869 3961 2208 4041 provinciae
2237 3961 2524 4034 Africae’,
2571 3963 2645 4022 ob
2690 3963 2947 4043 insignia
2993 3961 3158 4050 eius!

599 4062 661 4123 in
721 4063 1144 4144 rempublicam
1201 4063 1408 4124 merita
1466 4071 1524 4123 et
1579 4063 1654 4123 ob
1712 4065 2017 4143 depulsam
2069 4061 2079 4144 Ι
2131 4063 2204 4124 ab
2262 4063 2464 4124 eadem
2522 4065 2823 4143 provincia
2880 4067 3051 4127 famis
3105 4075 3163 4126 et

599 4163 836 4244 inopiae
893 4168 1218 4228 vastitatem
1256 4165 1267 4247 Ι
1306 4164 1568 4227 consiliis
1614 4175 1673 4225 et
1716 4165 2208 4245 provisionibus⁴,
2270 4175 2328 4225 et
2385 4168 2542 4245 quod
2595 4175 2752 4227 caste
2790 4165 2801 4248 Ι
2840 4167 2900 4227 in
2960 4167 3161 4228 eadem

599 4267 902 4345 provincia
933 4269 1281 4348 integreque
1312 4277 1577 4328 versatus
1621 4276 1728 4338 est,
1770 4265 1779 4349 Ι
1819 4262 2016 4352 [qu]od
2064 4285 2259 4346 neque
2295 4268 2571 4346 aequitati
2603 4268 2663 4328 in
2697 4269 3114 4347 cognoscendo
3146 4264 3156 4352 Ι

600 4387 795 4449 neque
843 4371 1097 4432 iustitiae
1142 4369 1413 4442 defuerit,
1474 4370 1630 4448 quod
1686 4369 1946 4431 studium
1987 4368 1997 4451 Ι
2036 4369 2350 4431 sacerdotii
2395 4369 2731 4449 provinciae
2777 4370 3105 4432 restituerit
3148 4372 3157 4448 Ι

597 4478 663 4530 ut
710 4490 873 4534 nunc
917 4491 949 4533 a
980 4471 1454 4552 conpetitoribus
1484 4472 1794 4551 adpetatur
1832 4469 1841 4553 Ι
1883 4472 2038 4550 quod
2078 4482 2249 4533 antea
2281 4472 2581 4532 formidini
2614 4472 2853 4532 suerit⁸z
2903 4472 2980 4532 ob
3012 4490 3162 4552 quae

598 4572 802 4633 eadem
841 4572 850 4655 Ι
890 4575 1193 4653 provincia
1236 4574 1464 4646 Africa,
1524 4573 1779 4635 decretis
1823 4572 1893 4633 ad
1942 4573 2171 4635 divinos
2215 4575 2520 4654 principes
2558 4569 2568 4655 Ι
2607 4575 2881 4636 dominos
2926 4584 3162 4637 nostros

597 4673 789 4736 missis
828 4673 837 4755 Ι
880 4677 1182 4738 Valentem
1216 4675 1558 4736 Gratianum
1595 4684 1655 4735 et
1684 4674 2193 4736 Valentinianum⁶
2233 4675 2241 4757 Ι
2282 4686 2603 4756 perpetuos
2637 4677 2956 4756 Augustos,
2997 4673 3007 4759 Ι
3045 4687 3162 4739 sta-

598 4784 757 4835 tuam
808 4794 985 4839 unam
1030 4777 1185 4857 apud
1233 4778 1644 4856 Carthaginem
1690 4777 1801 4839 sub
1849 4796 2026 4849 aure,
2073 4776 2083 4859 Ι
2137 4778 2377 4838 alteram
2425 4796 2664 4858 quoque
2708 4779 2930 4840 Romae
2973 4778 3161 4840 eidem
