3432 5387
529 398 649 456 268
1658 398 1838 467 Caput
1875 397 2000 451 1111.

528 574 598 636 cs:
638 572 714 623 IX
745 573 889 624 4445.
924 571 1092 638 4446),
1129 575 1240 621 tum
1280 570 1534 622 Venetiae
1570 574 1620 619 et
1655 570 1909 620 Histriae.
1945 598 2010 606 —
2049 570 2101 630 3)
2138 568 2522 629 perfectissimi
2556 570 2678 620 viri.
2714 597 2782 606 —
2817 572 2871 632 4)
2910 569 3097 622 Ratio·

525 659 669 709 nalis
702 658 815 718 fuit
849 660 943 720 bis,
981 655 1175 706 Romae
1209 660 1262 705 et
1297 658 1355 705 in
1393 653 1603 715 Africa.
1641 683 1707 690 —
1745 656 1794 715 5)
1837 655 2046 704 Vicarii
2073 651 2477 719 praefectorum
2506 669 2607 718 per
2651 653 2887 706 Italiam.
2929 684 2990 694 —
3031 657 3093 706 In

528 744 691 793 latere
726 744 885 792 huius
918 742 1247 805 sarcophagi
1281 741 1411 790 haec
1452 741 1696 789 extitisse
1733 738 2019 789 dicuntur:
2063 754 2128 790 m.
2166 754 2209 790 c.
2248 739 2302 801 s.‚
2334 739 2341 803 Ι
2374 753 2440 790 m.
2478 755 2522 790 c.
2561 754 2627 805 p.‚
2661 740 2668 802 Ι
2699 739 2752 790 L.
2795 739 2928 791 Noni
2968 738 3095 791 Fau-

530 828 668 889 stini,
701 828 709 891 Ι
744 826 1009 877 Laudiciae
1049 826 1182 890 (non
1220 825 1355 874 vidit
1388 825 1711 889 Burmann).

695 979 865 1049 1219
930 983 1188 1043 Barbare
1230 981 1239 1059 Ι
1282 981 1642 1061 Pompeiano
1687 1000 1740 1041 v.
1790 999 1840 1039 c.
1888 980 2186 1041 consulari
2233 979 2476 1060 Camp.¹,
2530 981 2539 1060 Ι
2591 982 2904 1043 universus
2950 983 3096 1042 ordo

525 1088 684 1147 fotus
727 1086 861 1164 adq.
909 1085 1159 1166 adliutus
1205 1083 1510 1145 beneficiis
1554 1084 1699 1154 eiuS,
1754 1083 1930 1143 simul
1975 1084 2149 1143 etiam
2190 1080 2198 1161 Ι
2239 1083 2397 1161 quod
2443 1082 2680 1162 publica
2726 1084 2988 1145 aedificia
3033 1086 3092 1145 in

524 1187 776 1268 rulinam
837 1186 1115 1263 conlapsa
1174 1185 1444 1246 benivola
1502 1184 1909 1264 dispogsitione
1970 1184 2132 1244 retici
2190 1186 2321 1262 adq.
2383 1185 2697 1246 instaurari
2757 1185 3094 1267 praelcepit,

522 1298 772 1351 statuam
824 1290 893 1349 ad
941 1288 1397 1366 perpetuitatem
1438 1283 1447 1366 Ι
1490 1286 1751 1346 nominis
1797 1286 1924 1346 eius
1971 1286 2162 1363 adque
2206 1287 2526 1346 memoriae
2582 1287 2641 1346 in
2700 1288 2847 1370 folro
2893 1290 3095 1349 habitu

523 1392 673 1453 civili
723 1390 1124 1451 exultantibus
1164 1386 1173 1469 Ι
1214 1389 1447 1449 cunctis
1493 1388 1831 1457 constituit,
1887 1397 2134 1447 curante
2182 1387 2288 1447 lul.
2338 1385 2673 1470 Laurenltio
2719 1408 2771 1448 v.
2819 1409 2878 1469 p.
2924 1409 3095 1451 cura-

524 1505 652 1554 tore
707 1492 955 1553 civitatis
1000 1491 1143 1551 eius.
1246 1496 1335 1559 (In
1374 1497 1564 1561 latere)
1613 1490 1744 1550 ded.
1794 1489 1838 1546 V
1899 1508 2041 1550 non.
2104 1490 2272 1549 Mart.
2324 1488 2333 1566 Ι
2375 1490 2450 1548 Μ.
2499 1490 2771 1551 Nummio
2820 1491 3033 1552 Albino
3081 1490 3091 1574 Ι

521 1596 598 1655 Μ.
647 1595 845 1655 Laelio
891 1592 1140 1652 Maximo
1189 1592 1351 1665 cos,²,
1394 1590 1402 1672 Ι
1444 1601 1674 1651 curant.
1724 1592 1786 1652 C.
1835 1592 2066 1651 Valerio
2115 1592 2351 1652 Dolutio
2398 1592 2718 1653 Marciano.

694 1696 976 1745 Praeneste
1014 1690 1165 1755 (XIV
1199 1690 1439 1750 2919-os'.
1475 1708 1528 1755 p.
1564 1694 1657 1742 494
1704 1690 1866 1740 semel
1915 1691 2181 1756 descripta
2217 1707 2352 1743 saec.
2389 1691 2489 1742 XV
2525 1693 2607 1742 vel
2639 1691 2767 1744 XVI
2807 1695 2871 1743 ab
2909 1697 3095 1757 ignoto

521 1781 783 1845 auctore).
812 1809 867 1818 -
908 1781 953 1840 1)
980 1776 1233 1826 Eiusdem
1269 1780 1345 1825 est
1381 1775 1570 1825 titulus
1602 1776 1652 1827 X
1672 1777 1814 1827 4499.
1874 1776 2011 1826 Fuit
2047 1778 2349 1827 consularis
2376 1776 2700 1843 Campaniae
2735 1794 2784 1830 a.
2807 1780 2918 1832 553
2956 1778 3097 1843 (cod.

528 1863 719 1915 Theod.
757 1863 803 1926 4,
827 1864 880 1925 2,
904 1862 977 1916 6).
1018 1890 1079 1898 -
1121 1864 1173 1923 2)
1213 1860 1461 1912 Consules
1508 1864 1636 1909 sunt
1685 1864 1818 1910 anni
1852 1862 1956 1913 227
1967 1880 1986 1923 ,·
2034 1867 2261 1927 apparet
2296 1862 2510 1912 titulum
2545 1866 2869 1928 primarium
2905 1865 3096 1913 substi-

522 1953 695 1999 tutum
745 1948 911 2008 f'm‘sse
961 1950 1018 1994 in
1067 1946 1241 1996 locum
1288 1948 1661 2009 inscriptionis
1697 1948 2026 2010 antiquioris
2068 1963 2279 2008 erasae,
2329 1948 2543 1997 titulum
2580 1952 2758 1997 autem
2794 1948 2980 1997 lateris
3012 1966 3097 1999 re-

521 2034 706 2083 lictum
742 2048 865 2081 esse.

692 2166 865 2236 1220
930 2161 1242 2250 hon0r[i].¹
1311 2170 1542 2230 Ammio
1592 2169 1788 2230 Manio
1836 2170 2124 2230 Caesonio
2177 2170 2545 2252 Nicolmacho
2593 2171 2801 2231 Anicio
2853 2172 3094 2234 Paulino

519 2296 574 2336 v.
621 2293 693 2347 c.,
740 2290 904 2332 cons.
953 2269 1272 2342 ordinari0,
1317 2268 1325 2350 Ι
1366 2272 1516 2349 pref.
1566 2270 1699 2332 urbi
1748 2271 1866 2331 iud.
1901 2290 2117 2331 sacrar.
2150 2273 2393 2350 cognit.,
2445 2267 2841 2356 [pr]oconsuli
2884 2271 2892 2352 Ι
2932 2291 3094 2353 prov.

522 2376 689 2437 Asiae
736 2384 794 2435 et
824 2370 1194 2448 Hellesponti
1238 2370 1363 2431 vice
1410 2390 1573 2433 sacra
1620 2373 1922 2443 iudicanti,
1965 2369 1974 2454 Ι
2013 2373 2206 2452 legato
2246 2374 2614 2435 Kartacinis³
2657 2373 2770 2435 sub
2815 2393 3093 2453 procons.

520 2479 718 2539 Atrice
766 2474 976 2536 Anicio
1015 2470 1024 2554 Ι
1067 2474 1296 2534 Iuliano
1342 2482 1510 2552 patre
1556 2493 1664 2535 suo
1682 2476 1725 2547 ⁴,
1788 2475 1958 2534 cuius
2014 2475 2384 2553 providentia
2428 2478 2618 2554 adque
2659 2475 2668 2558 Ι
2712 2472 3091 2561 [ci]v[i]litas⁸

523 2590 581 2641 et
612 2578 920 2657 integritas
952 2576 1311 2655 reipublicae
1345 2578 1613 2656 corporis
1654 2578 1662 2656 Ι
1703 2576 2070 2637 corariorum
2102 2578 2322 2639 insulas
2366 2579 2435 2638 ad
2469 2579 2788 2659 pristinum
2833 2588 3050 2639 statum
3079 2576 3086 2658 Ι

520 2702 693 2745 suum
752 2679 1080 2743 secundum
1142 2679 1302 2756 leges
1356 2678 1695 2756 principum
1772 2678 2038 2758 priorum
2096 2679 2103 2759 Ι
2157 2680 2338 2760 impp.
2387 2681 2508 2743 Val.
2569 2681 2813 2759 Septimi
2861 2679 3093 2743 Severi⁶

519 2794 579 2846 et
624 2785 699 2844 M.
747 2786 887 2844 Aur.
935 2782 1224 2842 Antonini
1269 2783 1457 2859 Augg.
1500 2780 1508 2862 Ι
1550 2782 1868 2841 restaurari
1928 2781 2119 2860 adque
2173 2782 2446 2843 adornari
2509 2783 2933 2866 pervigilantlia
2991 2803 3094 2845 sua

517 2886 790 2966 providit,
836 2885 898 2944 in
945 2884 1091 2944 mira
1140 2883 1423 2943 memoria
1471 2883 1658 2961 adque
1699 2883 1709 2964 Ι
1751 2883 1809 2943 in
1860 2884 2055 2943 omnia
2093 2890 2221 2958 (sic)
2262 2885 2478 2945 iustitia
2515 2905 2620 2946 sua
2651 2904 2871 2965 corpus
2902 2887 3093 2947 coria-

517 2988 743 3049 riorum
784 2985 792 3068 Ι
834 2996 1088 3065 patrono
1134 2984 1315 3064 digno
1362 2994 1720 3046 statuerunt.

691 3100 858 3171 1221
929 3105 1161 3165 Amnii²
1205 3104 1521 3179 iun(ioris).
1563 3103 1571 3182 Ι
1633 3105 1843 3164 Anicio
1892 3104 2138 3165 Paulino
2197 3105 2319 3165 iun.
2367 3124 2416 3166 c.
2463 3125 2536 3178 v.,
2589 3104 2598 3186 Ι
2638 3123 2873 3185 procos.
2924 3107 3093 3168 Asiae

519 3217 579 3268 et
623 3206 1015 3284 Hellesponti,
1056 3208 1065 3282 Ι
1104 3206 1339 3266 consuli
1386 3206 1720 3277 ordinario,
1766 3207 1951 3285 praef.
2000 3206 2133 3266 urbi
2173 3204 2183 3287 Ι
2221 3207 2347 3267 vice
2393 3226 2559 3268 sacra
2606 3208 2909 3281 iudicanti,
2957 3207 3034 3268 ob
3081 3206 3091 3292 Ι

520 3309 797 3370 meritum
859 3307 1185 3368 nobilitatis
1244 3307 1463 3385 eloquii
1503 3305 1513 3388 Ι
1553 3308 1808 3368 iustitiae
1861 3318 1981 3386 atq.
2027 3327 2344 3380 censurae,
2405 3305 2639 3390 quilbus
2694 3310 2967 3389 privatim
3025 3330 3094 3371 ac

518 3412 759 3492 publice
799 3410 808 3488 Ι
850 3409 1043 3471 clarus
1081 3418 1185 3481 est,
1231 3409 1421 3488 petitu
1453 3409 1658 3488 populi
1689 3408 1781 3480 R„
1822 3411 1831 3486 Ι
1872 3411 2213 3471 testimonio
2244 3419 2503 3481 senatus,
2550 3410 2767 3472 iudicio
2807 3409 2817 3495 Ι
2856 3414 2951 3474 dd.
2986 3433 3088 3475 nn.

517 3512 967 3592 triumphatoris
1025 3509 1221 3592 Aug}
1275 3510 1650 3588 Caesarumq.
1710 3511 2083 3584 florentium,
2136 3508 2147 3591 Ι
2195 3521 2441 3572 statuam
2498 3514 2820 3575 secundam
2876 3533 3019 3576 auro
3078 3513 3088 3599 Ι

517 3617 899 3696 superfusam
946 3613 1123 3673 locari
1171 3621 1412 3691 sumptu
1452 3611 1461 3693 Ι
1503 3612 1742 3691 publico
1791 3613 2027 3692 placuit.

690 3715 887 3765 Romae
922 3714 1049 3763 olim
1089 3711 1343 3777 (V11682
1368 3714 1607 3763 Parisios
1643 3714 1967 3763 translatam
2003 3713 2139 3762 vidit
2164 3713 2410 3774 Henzen;
2447 3714 2524 3763 VI
2545 3714 2677 3765 4685
2713 3717 2770 3764 in
2805 3714 2932 3776 foro
2964 3714 3097 3766 Tra-

518 3802 651 3864 iani,
667 3803 857 3864 postea
884 3801 944 3847 in
970 3798 1190 3848 aedibus
1210 3798 1462 3863 privatis,
1488 3797 1775 3862 aliquoties
1798 3797 2063 3862 descripta
2087 3812 2223 3848 saec.
2248 3795 2356 3847 XV
2376 3800 2426 3846 et
2449 3797 2620 3864 XVI).
2645 3826 2711 3835 —-
2742 3797 2912 3850 Tituli
2926 3802 3098 3864 positi

515 3888 642 3934 sunt
677 3884 873 3933 Anicio
911 3883 1138 3932 Paulino
1173 3884 1384 3932 iuniori
1419 3881 1627 3933 consuli
1663 3882 1946 3931 ordinario
1997 3886 2048 3931 et
2076 3880 2357 3946 praefecto
2407 3884 2533 3932 urbi
2565 3900 2616 3935 a.
2650 3883 2756 3934 554
2793 3881 2893 3950 (cf.
2928 3900 3094 3950 supra

516 3967 584 4021 Ν.
619 3970 759 4035 698).
811 3997 872 4004 -
927 3969 975 4030 1)
1012 3966 1211 4017 honorii
1259 3966 1396 4031 Iapis
1445 3966 1684 4031 (videnu-
1734 3966 2105 4031 accipiendum
2141 3983 2250 4016 esse
2292 3973 2353 4018 ut
2384 3982 2551 4033 supra
2587 3967 2654 4020 N.
2691 3968 2821 4020 4244
2857 3972 2910 4018 et
2941 3966 3094 4028 infra

515 4052 585 4106 N.
611 4053 762 4114 4243,
800 4068 909 4102 non
939 4067 1044 4117 pro
1083 4055 1374 4115 agnomine
1410 4052 1682 4118 Honor-ii).
1719 4079 1789 4090 —
1827 4054 1876 4115 2)
1916 4052 2006 4102 Sic
2031 4052 2304 4103 Iucundus
2339 4057 2480 4102 recte
2517 4052 2755 4118 (Amnius
2786 4058 2948 4118 pater
2983 4057 3095 4104 eius

516 4139 723 4190 dieitur
759 4153 843 4203 ap.
882 4137 1263 4202 Symmachum
1299 4153 1377 4202 ep.
1415 4137 1461 4197 4,
1486 4139 1539 4198 2,
1578 4137 1791 4188 Anicius
1817 4137 2033 4188 Amnius
2070 4135 2319 4188 Paulinus
2354 4140 2480 4202 ipse,
2522 4136 2575 4188 C.
2605 4137 2891 4203 V14652),·
2929 4135 3095 4188 Anicii

517 4223 774 4286 Smetius,
811 4223 975 4273 aliter
1010 4222 1125 4274 alii.
1162 4250 1229 4258 ——
1282 4225 1333 4282 3)
1371 4221 1611 4286 Legatus
1649 4223 1998 4286 Carthaginis
2032 4239 2141 4272 non
2179 4222 2392 4272 videtur
2428 4223 2650 4285 differre
2688 4239 2721 4271 a
2756 4221 2936 4286 legato
2967 4237 3097 4287 pro·

516 4308 750 4359 consulis
772 4306 999 4368 Africae
1023 4307 1317 4359 dioeceseos
1346 4307 1827 4371 Carthaginiensis.
1855 4336 1914 4342 —
1950 4309 2001 4370 4)
2028 4308 2258 4357 Anicius
2282 4307 2528 4357 Iulianus
2555 4308 2848 4372 proconsul
2870 4305 3096 4368 Africae

514 4392 626 4454 fuit
660 4396 754 4443 sub
780 4394 1155 4455 Diocletiano‚·
1188 4393 1403 4442 videtur
1437 4394 1577 4442 enim
1614 4407 1720 4440 esse
1747 4392 1990 4441 Iulianus
2020 4392 2317 4456 proconsul
2339 4389 2563 4452 Africae
2597 4392 2670 4442 ad
2692 4408 2845 4457 quem
2869 4395 3096 4457 rescrip-

514 4482 703 4527 serunt
724 4478 1098 4529 Diocletianus
1134 4478 1474 4544 collegaeque
1512 4475 1718 4541 (eollat.
1755 4477 1836 4541 45,
1860 4478 1941 4543 5).
2015 4477 2159 4526 Idem
2193 4474 2305 4536 fuit
2343 4476 2530 4526 consul
2562 4477 2877 4527 ordinarius
2911 4494 2959 4527 a.
2983 4478 3093 4529 822

518 4561 615 4627 (οἷ’.
656 4563 817 4612 Seeck
852 4562 1051 4628 Symm.
1086 4560 1263 4627 praef.
1297 4580 1349 4627 p.
1376 4562 1565 4629 XCII).
1601 4590 1669 4599 —
1706 4562 1758 4625 5)
1795 4563 2020 4612 entilitas
2057 4563 2207 4626 Iapis.
2243 4590 2311 4598 —
2347 4564 2399 4624 6)
2437 4562 2658 4625 Errare,
2692 4561 2788 4612 sed
2819 4578 2928 4613 non
2965 4576 3095 4626 qua-

517 4646 771 4707 dratarii,
810 4647 1068 4712 Septimio
1095 4647 1290 4698 Severo
1317 4634 1561 4696 additum
1592 4647 1804 4698 Valerii
1827 4663 2049 4708 nomen,·
2084 4650 2142 4696 in
2179 4652 2402 4698 mentem
2437 4652 2698 4698 venerunt
2730 4650 2782 4697 ei
2817 4648 2912 4712 qui
2944 4649 3095 4696 iussu

516 4733 762 4795 eorporis
799 4735 1139 4782 coriarorum
1176 4733 1306 4782 haec
1342 4733 1593 4796 dictavit,
1640 4732 1888 4783 Valerius
1924 4731 2291 4783 Diocletianus
2331 4738 2383 4782 et
2417 4734 2672 4784 Aurelius
2707 4733 3094 4785 Maximianus.
