3432 5387
932 390 1103 448 Tituli
1136 392 1524 463 imperatorum
1561 396 1859 465 domusque
1892 396 2296 467 imperatorne.
2779 397 2895 456 187

295 563 405 614 vol.
442 566 552 629 52,
609 564 739 616 4890
768 580 827 630 p.
864 564 1064 631 48316),
1107 565 1324 616 videtur
1374 570 1637 617 erravisse
1681 567 1932 629 (Huelsen
1968 566 2145 620 Hoem.
2181 567 2356 621 Mitth.
2392 569 2522 619 4889
2553 584 2608 634 p.
2651 570 2794 634 242).
2834 598 2896 608 -

300 650 351 712 1)
388 648 619 699 Phocas
664 652 952 715 imperavit
988 649 1454 717 Constantinopoli
1497 653 1563 703 ab
1606 669 1655 702 a.
1689 654 1789 704 602
1828 653 1901 703 ad
1932 670 1982 704 a.
2017 654 2128 705 640.
2175 682 2239 692 -
2290 656 2340 715 2)
2375 654 2455 703 De
2491 654 2793 717 Smaragdo
2830 654 2902 715 cs'.

295 733 373 783 ad
409 731 491 785 Ν.
526 736 657 786 836.
695 764 761 773 -
794 737 845 801 3)
881 735 1242 800 Significatur
1286 735 1337 786 d.
1374 735 1400 785 4
1435 737 1578 801 Aug.
1612 739 1726 789 608.
1762 765 1828 775 -
1867 741 1919 800 4)
1956 739 2080 788 Post
2123 739 2472 790 consulatum.
2506 767 2575 776 -—
2611 741 2662 802 5)
2697 740 2902 790 Phocas

294 819 502 868 consul
530 823 808 884 processit
843 837 894 873 a.
928 823 1023 873 604
1059 819 1157 883 (cf.
1196 819 1411 871 Clinton
1444 820 1570 880 last.
1607 821 1665 874 R.
1702 824 1808 874 vol.
1845 823 1904 874 II
1928 840 1983 890 p.
2021 824 2175 886 438),·
2211 839 2330 874 cum
2366 828 2544 873 autem
2582 830 2785 891 tempus
2817 827 2901 875 in-

291 905 640 969 scriptionis
681 908 890 969 positae
941 910 1143 955 certum
1186 908 1260 955 sit
1304 922 1374 955 ex
1421 906 1744 973 indictione,
1792 912 2016 974 apparet
2064 911 2444 960 connumerari
2489 912 2662 974 ipsum
2697 925 2898 960 annum

295 987 664 1049 consulatus,
712 989 778 1039 de
823 1005 930 1055 qua
980 990 1365 1041 consuetudine
1398 991 1468 1052 cs:
1506 991 1571 1040 de
1608 990 1758 1043 Rossi
1791 995 1954 1046 inser.
1991 995 2102 1044 chr.
2140 993 2170 1043 1
2199 1009 2258 1059 p.
2293 992 2443 1044 XLII
2478 999 2526 1044 et
2562 995 2637 1045 ad
2669 1010 2721 1045 n.
2757 994 2900 1060 4447,

294 1074 429 1122 item
471 1072 777 1124 Mommsen
812 1072 985 1124 Neues
1019 1076 1223 1127 Archiv
1257 1074 1300 1135 Ῑζ
1338 1075 1433 1129 iilt.
1471 1076 1722 1127 deutsche
1760 1077 1939 1129 Gesch.
1977 1078 2053 1139 46,
2090 1077 2215 1128 4894
2247 1093 2302 1143 p.
2325 1081 2394 1128 53
2430 1083 2539 1130 not.
2564 1082 2610 1129 4.
2635 1082 2685 1130 5.

478 1158 583 1208 Aa
624 1159 766 1209 hanc
800 1160 1203 1224 inscriptionem
1237 1163 1438 1211 nostris
1474 1164 1799 1227 temporibus
1833 1165 2038 1213 incisus
2072 1167 2151 1212 est
2185 1164 2375 1213 titulus
2412 1163 2547 1214 VIII
2576 1164 2769 1229 40329,
2811 1167 2903 1215 cui

294 1244 594 1307 originem
629 1242 959 1303 Africanam
997 1246 1246 1295 attribuit
1279 1244 1544 1305 falsarius
1579 1245 1676 1309 (cf.
1712 1247 1848 1311 Eph.
1887 1252 2056 1312 epigr.
2088 1251 2143 1310 ὅ,
2166 1248 2345 1314 4224).

480 1378 630 1450 838
704 1428 1414 1444 ............
1496 1379 1831 1468 [oneribus
1875 1388 2106 1466 magnis
2152 1406 2222 1448 ex
2267 1388 2526 1449 inmine-

705 1480 834 1570 [nti]
894 1530 1473 1546 ..........
1528 1532 1541 1545 .
1568 1506 1597 1548 s
1641 1489 1812 1549 sortis
1859 1507 1974 1568 qua
2018 1490 2088 1550 de
2134 1508 2198 1549 re
2246 1489 2525 1551 introitus

705 1633 1663 1649 ................
1689 1590 1882 1652 dimus
1927 1591 2128 1653 laudes
2174 1591 2523 1653 felicissimis

704 1686 1075 1773 [temporibus
1103 1690 1473 1754 dominorum
1502 1686 1867 1775 nothrorum
1900 1692 2131 1755 Eraclio
2163 1704 2222 1754 et
2251 1693 2482 1755 Eraclio
2501 1694 2516 1725 ¹

1912 1840 1924 1854 .
1984 1796 2111 1856 tino
2157 1807 2216 1856 et
2262 1795 2518 1856 Eudooia

1722 1941 2239 1958 .........
2294 1897 2516 1959 samiei.

704 2097 891 2176 Agust
965 2143 1673 2166 ............

704 2199 959 2260 tissimus
1026 2239 1669 2260 ...........

702 2318 838 2361 cum
884 2302 1012 2363 eius
1056 2320 1127 2363 co
1150 2348 1667 2362 .........

697 2422 753 2464 m
843 2404 1110 2465 erducxit
1148 2450 1665 2465 .........

499 2503 673 2568 Prope
722 2424 968 2554 Theneste
1014 2504 1121 2554 duo
1165 2504 1477 2569 fragmenta
1522 2508 1754 2557 eiusdem
1800 2506 1998 2573 lapidis
2045 2505 2128 2568 (V
2123 2505 2206 2556 III
2237 2504 2391 2557 40684
2402 2506 2467 2572 ,12
2519 2505 2589 2566 cs'.
2639 2506 2773 2571 Eph.
2821 2522 2902 2571 ep.

303 2588 360 2650 ὅ,
396 2590 547 2652 660).
584 2617 648 2625 -
688 2591 737 2653 1)
774 2589 1111 2655 Intellegitur
1137 2590 1417 2641 Heraclius
1454 2591 1759 2655 (640-644)
1797 2607 1917 2641 cum
1953 2591 2069 2653 filio
2108 2591 2353 2642 Heraclio
2391 2594 2607 2641 iuniore
2645 2589 2898 2641 Constan-

307 2675 430 2725 tino
472 2678 528 2725 et
562 2673 681 2737 filia
718 2674 981 2727 Eudocia.

492 2810 624 2880 839
667 2815 823 2889 -†-iu
851 2815 1218 2895 temporibus
1243 2815 1617 2878 Constantini
1642 2813 2060 2899 imperatori[s,
2083 2812 2219 2899 FJ¹.¹
2243 2816 2528 2896 Gregorio
2553 2816 2799 2896 patricio
2818 2817 2856 2888 ²,
2888 2815 2896 2897 1

308 2917 581 2978 loannes
624 2917 744 2977 dux
788 2916 861 2978 de
905 2917 1124 2997 Tigisi-'⁶
1170 2919 1378 2980 offeret
1422 2920 1661 2979 domum
1709 2919 1821 2980 dei.
1909 2925 1988 2993 -Ι-
2032 2919 2370 2979 Armenus.⁴

502 3016 839 3082 Thamugadi
863 3017 1027 3077 (VIII
1043 3019 1183 3071 2389
1219 3019 1356 3068 vidit
1383 3019 1729 3082 Wilmanns).
1768 3048 1830 3056 —
1870 3021 1917 3083 1)
1942 3017 2236 3083 imperatori
2276 3016 2361 3068 bel
2399 3017 2552 3083 lapis.
2589 3047 2655 3055 —
2693 3020 2743 3083 2)
2772 3017 2897 3070 Gre-

305 3105 517 3166 gorius
537 3104 808 3167 patricius
830 3101 1055 3162 Africae
1080 3106 1175 3168 qui
1197 3109 1531 3155 memoratur
1556 3107 1715 3154 etiam
1741 3106 1798 3153 in
1824 3102 2112 3153 annalibus
2133 3104 2385 3154 ecclesiae
2416 3107 2719 3169 propterea,
2755 3104 2899 3169 quod

315 3203 509 3239 coram
557 3204 617 3238 eo
664 3187 849 3237 habita
891 3192 971 3237 est
1013 3188 1306 3252 disputatio
1359 3189 1620 3254 quaedam
1656 3189 1721 3239 de
1756 3193 1956 3239 natura
1997 3188 2196 3240 Christi
2231 3188 2435 3250 (Mansi
2468 3192 2571 3240 act.
2609 3188 2798 3240 concil.
2836 3189 2896 3240 40

308 3289 369 3339 p.
393 3276 657 3339 709seq.),
684 3287 804 3322 cum
839 3273 1142 3324 descivisset
1177 3277 1242 3325 ab
1266 3277 1590 3341 imperatore
1614 3291 1663 3325 a.
1686 3290 1741 3339 p.
1772 3274 1892 3326 Chr.
1905 3275 2016 3337 646,
2050 3288 2193 3323 anno
2219 3275 2518 3338 insequenti
2541 3275 2606 3324 ab
2631 3275 2897 3325 Arabibus

318 3363 497 3411 victus
542 3363 595 3409 et
638 3356 956 3417 interfectus
1002 3362 1078 3408 est
1113 3363 1241 3409 teste
1283 3359 1597 3426 Theophane
1632 3361 1917 3424 chronogr.
1955 3363 2031 3426 (p.
2064 3360 2169 3412 343
2205 3359 2285 3410 ed.
2322 3359 2386 3409 de
2423 3358 2610 3423 Boor).
2682 3358 2895 3411 Similia

316 3449 627 3496 narrantur
660 3460 693 3493 a
717 3443 1056 3508 Fredegario
1093 3446 1189 3509 qui
1223 3445 1428 3495 dicitur
1462 3447 1646 3495 chron.
1670 3447 1719 3506 4,
1742 3444 1805 3496 84
1832 3450 1886 3495 et
1907 3448 1963 3495 in
1989 3444 2274 3495 annalibus
2299 3444 2613 3509 quibusdam
2637 3444 2897 3496 Arabum.

322 3529 409 3590 Cr.
436 3529 680 3581 Marcelli
702 3526 899 3587 Africa
923 3529 1105 3578 christ.
1123 3530 1158 3580 3
1176 3545 1231 3594 p.
1251 3530 1350 3582 370
1362 3547 1467 3596 seq.
1481 3548 1500 3592 ,-
1541 3529 1780 3580 Tauaeier
1802 3545 1963 3579 revue
1986 3527 2256 3589 africaine
2279 3528 2410 3579 4883
2431 3545 2486 3594 p.
2504 3530 2604 3581 284
2618 3545 2723 3593 seq.
2784 3528 2895 3580 Sub

319 3618 539 3666 nomine
589 3614 926 3666 Constantini
982 3613 1371 3679 intellegendus
1425 3618 1601 3680 igitur
1642 3618 1721 3664 est
1767 3617 1814 3664 is
1860 3617 1954 3679 qui
1991 3614 2305 3679 plerumque
2347 3617 2572 3664 vocatur
2618 3613 2897 3680 Constans,

321 3700 566 3751 Heraclii
598 3715 775 3765 nepos,
811 3703 907 3764 qui
938 3703 1191 3764 regnavit
1222 3700 1288 3749 ab
1326 3716 1375 3751 a.
1399 3699 1489 3751 644
1527 3700 1600 3750 ad
1622 3716 1671 3750 a.
1694 3701 1808 3753 668.
1877 3699 2132 3749 Eiusdem
2165 3700 2394 3763 patricii
2426 3699 2678 3763 Gregorii
2701 3715 2896 3750 nomen

323 3785 527 3850 legitur
562 3787 723 3836 eliam
767 3788 826 3833 in
868 3783 1030 3834 bullis
1069 3784 1328 3850 plumbeis
1368 3788 1595 3851 repertis
1629 3787 1689 3835 in
1726 3782 1921 3843 Africa
1960 3783 2122 3843 (VIII
2151 3784 2353 3848 40965).
2401 3813 2466 3822 --
2514 3786 2564 3847 3)
2600 3786 2681 3835 De
2722 3784 2896 3850 Tigisi

326 3871 520 3936 oppido
566 3869 855 3920 Numidiae
903 3867 974 3928 cll
1025 3870 1078 3921 C.
1120 3869 1248 3922 VIII
1275 3886 1331 3935 p.
1365 3872 1478 3922 960.
1525 3896 1593 3908 -
1641 3872 1693 3933 4)
1739 3867 1864 3919 Non
1911 3868 2245 3934 intellegitur
2292 3870 2390 3930 (ad
2423 3869 2674 3921 Ioannem
2722 3872 2893 3922 trahit

333 3953 574 4006 Tauxier
610 3956 643 4007 l.
680 3970 723 4008 c.
755 3972 809 4022 p.
832 3955 978 4019 288).
