3432 5387
1344 379 1516 436 Tituli
1549 381 1830 436 militares.
2746 380 2871 439 553

478 552 651 624 2799
717 554 778 616 in
837 555 992 615 hanc
1051 573 1183 615 arca
1229 553 1397 637 iaclet
1439 554 1716 616 Ursacius
1775 554 2058 616 bearcus¹
2112 555 2187 616 de
2244 573 2491 615 numero
2538 552 2870 637 Bataorulm

302 658 664 731 seniorum³‚
721 656 823 736 qui
872 656 1014 716 vixit
1050 654 1061 737 Ι
1099 674 1291 717 annos
1333 655 1520 733 XXX3
1578 658 1629 718 si
1673 657 1722 718 si
1769 663 1896 731 (sic)
1943 657 2077 736 quis
2121 675 2249 720 eam
2293 654 2561 738 volluerit
2617 656 2868 736 aperire,

307 762 409 823 det
452 762 512 822 in
560 761 705 821 fisco
749 755 892 839 aulri
940 753 1172 843 [lt'Jbras
1215 757 1377 819 does.

474 875 650 949 2800
714 878 798 938 Fl.
845 877 1056 956 Ampio
1101 876 1452 938 sca-missalis·
1496 877 1569 937 de
1616 895 1675 936 n.
1723 873 2146 960 Mattialcorum
2191 878 2344 938 sen.⁴
2387 876 2459 937 de
2502 878 2715 957 propio
2760 897 2868 940 suo

306 1001 444 1043 arca
473 981 585 1044 sibi
624 978 634 1061 Ι
675 980 902 1060 posuit;
947 979 997 1041 si
1031 979 1163 1059 quis
1200 996 1330 1039 eam
1374 979 1605 1058 aperire
1648 979 1918 1054 voluerit,
1959 977 1971 1061 Ι
2009 980 2161 1040 davit
2206 979 2330 1041 fisci
2375 979 2598 1040 viribus
2639 981 2866 1058 argenti

299 1084 483 1146 libras
520 1082 531 1164 Ι
569 1083 794 1143 decem.

476 1198 647 1271 2801
706 1201 939 1262 Flavius
953 1199 1164 1261 Hariso
1185 1196 1483 1281 malgister
1504 1200 1766 1279 primus⁹
1789 1200 1860 1261 de
1888 1198 2153 1281 nulmero
2178 1199 2493 1260 Erolorum
2516 1198 2832 1282 senilorum
2850 1203 2867 1235 ¹

303 1324 503 1368 arcam
546 1306 619 1365 de
658 1303 904 1384 proprio
948 1321 1056 1364 suo
1095 1300 1105 1384 Ι
1145 1302 1518 1383 conparavit3
1564 1302 1612 1363 si
1657 1302 1791 1382 quis
1822 1321 1950 1363 eam
1997 1299 2242 1381 aperilre
2286 1302 2555 1379 voluerit,
2602 1304 2763 1365 dabit
2804 1305 2864 1365 in

300 1408 450 1468 fisco
495 1406 624 1466 auri
669 1425 727 1485 p.
774 1404 911 1465 duo.

471 1521 644 1593 2802
709 1523 904 1584 Flavio
922 1522 1152 1583 Launio
1177 1543 1235 1583 n.
1255 1567 1271 1583 .
1300 1566 1314 1581 .
1331 1541 1378 1583 s.
1402 1522 1694 1583 semasoro
1708 1522 1753 1555 ¹⁰
1778 1518 1786 1605 Ι
1810 1524 1883 1583 de
1909 1540 2157 1583 numero
2176 1522 2489 1584 Bataorum
2512 1520 2867 1606 seniflorum³

301 1628 410 1708 qui
452 1628 616 1689 vissit
656 1644 849 1687 annos
880 1623 929 1684 X
955 1670 970 1684 .
997 1670 1011 1685 .
1039 1669 1054 1684 .
1090 1642 1138 1699 .;
1177 1622 1188 1705 Ι
1227 1625 1275 1686 si
1308 1624 1440 1703 quis
1469 1623 1722 1685 voluerit
1751 1643 1820 1684 oc
1853 1633 1943 1684 est
1973 1644 2001 1684 s
2024 1669 2039 1683 .
2066 1669 2081 1684 .
2107 1670 2122 1685 .
2157 1621 2349 1708 {luerit
2389 1644 2583 1687 arcam
2615 1627 2866 1706 aperire,

295 1751 363 1812 p.
410 1730 463 1790 11
501 1728 511 1814 Ι
551 1730 679 1790 auri
723 1730 866 1790 fisco
913 1726 1199 1788 reddebit.

472 1844 646 1915 2803
709 1864 903 1907 arcam
935 1845 1203 1907 Vassioni
1234 1845 1545 1924 camped.¹¹
1586 1843 1596 1924 Ι
1636 1845 1870 1905 numeri
1902 1845 2132 1905 Bataor.
2166 1845 2336 1918 sen.³‚
2383 1866 2556 1925 quem
2588 1849 2871 1930 sepellivit

233 2024 254 2038 ⁴
301 1950 524 2012 coniux
558 1946 974 2021 Suandacca¹²,
1021 1964 1078 2025 q.
1111 1948 1251 2009 vixit
1279 1967 1413 2009 cum
1455 1947 1464 2028 Ι
1506 1941 1623 2032 [e]o
1657 1966 1798 2008 ann.
1834 1946 2011 2018 XXII,
2057 1948 2223 2008 milit.
2269 1967 2410 2010 ann.
2450 1949 2673 2025 XXXV,
2720 1953 2870 2012 feret

300 2052 480 2135 alpud
525 2069 588 2113 se
632 2070 772 2111 ann.
818 2049 954 2122 Lx;
1000 2050 1046 2110 si
1095 2050 1229 2128 quis
1275 2069 1400 2110 eam
1448 2067 1642 2110 arcam
1687 2045 1959 2131 volluerit
2000 2068 2268 2124 movere,
2326 2051 2493 2113 virib.
2539 2053 2665 2114 fisci
2709 2052 2870 2114 dabit

300 2153 414 2216 sol.
458 2152 632 2213 XXV.
725 2159 812 2220 (In
850 2159 1017 2208 latere
1054 2158 1312 2225 operculi,
1347 2173 1756 2223 monogramma
1796 2155 2033 2224 Christi).

478 2272 651 2336 Prope
678 2270 1029 2321 Concordiam
1058 2271 1325 2332 Venetiae,
1348 2271 1677 2334 sarcophagi
1696 2269 1968 2335 permulti,
1995 2274 2198 2333 reperti
2220 2271 2334 2320 loeo
2361 2271 2602 2335 antiquo,
2624 2271 2869 2337 plerique

305 2373 359 2408 α.
382 2356 516 2407 4875
541 2360 592 2405 et
625 2357 1036 2420 insequentibus,
1070 2356 1318 2405 nonnulli
1354 2372 1403 2407 a.
1427 2356 1556 2407 4890
1581 2353 1823 2420 (Notizie
1845 2354 1992 2419 degli
2011 2358 2159 2405 scavi
2180 2355 2309 2406 4890
2327 2371 2383 2421 p.
2406 2356 2533 2417 47ος
2571 2355 2623 2409 C.
2649 2355 2699 2406 V
2719 2356 2868 2409 8759.

299 2442 447 2493 8740.
470 2440 612 2492 8776.
643 2441 792 2492 8759.
817 2441 963 2491 8750.
987 2439 1138 2490 8752.
1161 2439 1298 2491 8775
1329 2441 1539 2504 primus
1574 2439 1744 2490 edidit
1766 2440 2032 2490 Bertolini
2070 2439 2486 2502 Concordiense‘s,
2522 2456 2631 2491 non
2664 2456 2870 2507 paucas·

300 2526 442 2576 vidit
484 2525 815 2592 Mommsen).
862 2553 930 2564 —
977 2527 1026 2588 1)
1071 2524 1470 2589 Significantur
1514 2539 1742 2575 munera
1786 2524 2052 2575 militaria
2099 2526 2380 2574 tribunatu
2425 2524 2694 2585 inferiora
2739 2535 2866 2576 nota

299 2614 357 2660 et
390 2627 461 2660 eat
495 2611 620 2660 aliis
654 2610 930 2661 nonnullis
962 2610 1405 2675 inscriptionibus
1443 2606 1541 2673 (cf.
1565 2607 1633 2660 N.
1656 2608 1816 2675 2804)
1855 2613 1906 2658 et
1930 2625 1999 2659 eae
2021 2608 2356 2658 memorabili
2390 2610 2490 2659 lzoc
2526 2610 2641 2661 loco
2678 2611 2894 2661 Hiero·-

300 2699 456 2763 nymi
491 2696 681 2761 (allato
719 2711 752 2744 a
788 2693 1135 2761 Mommseno)
1184 2698 1373 2745 contra
1424 2695 1675 2745 Ioannem
1711 2696 1970 2747 Hierosol.
2008 2710 2053 2744 c.
2088 2692 2151 2744 49
2197 2692 2404 2759 (Migne
2441 2696 2495 2747 Ρ.
2530 2695 2650 2746 Lat.
2686 2693 2873 2746 XXIII

300 2797 356 2846 p.
392 2781 553 2849 3386).-
592 2771 797 2845 ‘Finge
842 2779 1075 2844 aliquem
1119 2781 1440 2830 tribuniciae
1477 2782 1762 2845 potestatis
1807 2795 1904 2830 suo
1948 2782 2081 2829 vitio
2116 2779 2466 2842 regradatum
2502 2795 2606 2845 per
2648 2780 2868 2845 singula

300 2865 532 2916 militiae
561 2868 826 2931 equestris
849 2863 1037 2928 officia
1062 2864 1136 2915 ad
1159 2866 1355 2914 tironis
1377 2864 1694 2914 vocabulum
1718 2865 2041 2928 devolutum,
2064 2863 2329 2928 numquid
2350 2879 2419 2913 ex
2444 2866 2660 2914 tribuno
2683 2867 2867 2915 statim

301 2951 367 3014 fit
391 2954 536 3002 tiro?
568 2966 694 3012 non,
729 2950 823 3001 sed
845 2955 968 3000 ante
985 2952 1350 3014 primicerius,
1376 2949 1565 2999 deinde
1588 2956 1823 3013 senator,
1848 2950 2191 3013 ducenarius,
2217 2951 2573 3013 centenarius,
2598 2951 2867 3014 biarchus,

303 3038 546 3100 circitor,
579 3051 750 3100 eques,
788 3035 978 3086 deinde
1013 3026 1155 3086 tiro.’
1187 3063 1259 3072 —
1294 3037 1344 3099 2)
1381 3034 1569 3084 Heruli
1601 3037 1854 3099 seniores,
1908 3035 1959 3097 3)
1994 3034 2192 3084 Batavi
2223 3036 2478 3098 seniores,
2530 3036 2582 3097 4)
2621 3033 2868 3085 Mattiaci

303 3124 539 3171 seniores
585 3136 696 3171 una
742 3125 1089 3171 recensentur
1134 3123 1192 3171 in
1242 3119 1453 3171 Notitia
1495 3119 1793 3169 Occidentis
1840 3121 1982 3168 inter
2026 3120 2238 3168 auxilia
2276 3119 2528 3168 Palatina
2575 3122 2867 3185 sexaginta

306 3209 539 3272 quinque
588 3208 883 3256 constituta
922 3198 1041 3255 ‘sub
1090 3206 1437 3270 dispositione
1481 3207 1591 3254 viri
1630 3205 1863 3254 illustris
1908 3207 2159 3268 magistri
2198 3204 2441 3268 peditum
2484 3194 2866 3269 praesentalis'

305 3289 376 3356 (c.
396 3290 461 3352 V,
486 3306 541 3356 p.
562 3291 629 3342 24
651 3290 885 3357 Boeck.)‚
917 3295 968 3340 et
993 3306 1122 3341 mox
1139 3294 1282 3341 inter
1302 3282 1739 3341 numeros‘intra
1758 3288 1973 3339 Italiam
1993 3279 2224 3338 habitos'
2245 3289 2313 3349 (c.
2338 3287 2454 3349 V11,
2485 3306 2537 3353 p.
2554 3291 2629 3341 55
2652 3290 2864 3357 Boeek).

302 3376 510 3426 Horum
558 3378 725 3426 trium
773 3391 1146 3433 numerorum,
1199 3390 1331 3440 quos
1369 3374 1499 3424 locis
1532 3375 1718 3425 iisdem
1753 3373 1838 3423 vel
1870 3389 1979 3423 non
2016 3373 2241 3423 multum
2277 3376 2420 3422 inter
2453 3391 2509 3424 se
2545 3375 2868 3425 distantibus

304 3462 585 3512 tetendisse
620 3465 850 3527 apparet
882 3460 1008 3511 inde
1044 3461 1188 3525 quod
1222 3462 1280 3509 in
1314 3458 1529 3510 Notitia
1564 3462 1785 3509 nomina
1820 3474 2004 3509 eorum
2038 3459 2225 3508 iuncta
2259 3462 2414 3522 sunt,
2460 3459 2619 3509 niulti
2650 3460 2866 3526 milites,

306 3549 522 3597 testibus
557 3548 1000 3612 inscriptionibus
1044 3546 1128 3595 his
1162 3547 1457 3611 harumque
1490 3544 1774 3608 similibus,
1808 3543 2141 3609 sepulturam
2179 3543 2509 3595 Concordiae
2542 3547 2693 3594 nacti
2724 3549 2868 3611 sunt,

304 3631 538 3682 aliorum
571 3646 920 3682 numerorum
954 3658 1022 3668 —
1056 3645 1184 3680 nam
1228 3629 1327 3680 alii
1371 3643 1578 3695 quoque
1613 3633 1827 3680 numeri
1859 3632 2228 3680 memorantur
2261 3631 2321 3679 in
2355 3629 2466 3678 illis
2501 3632 2868 3695 inscriptioni-

308 3717 404 3765 bus
427 3744 492 3752 —
522 3719 691 3782 pauci
726 3720 952 3768 tantum.
976 3744 1043 3754 —
1069 3717 1121 3778 5)
1151 3730 1258 3768 sen.
1295 3714 1443 3765 ivixit
1479 3715 1631 3780 lapis.
1659 3743 1726 3752 --
1751 3715 1803 3775 6)
1826 3713 2061 3765 Nomina
2099 3716 2400 3780 barbarica,
2433 3714 2667 3775 fortasse
2701 3719 2866 3767 etiam

310 3815 343 3849 a
380 3800 734 3865 quadratario
770 3804 1042 3866 corrupta.
1067 3828 1133 3838 —
1162 3803 1212 3862 7)
1235 3800 1316 3849 De
1350 3802 1642 3850 brachiatis
1680 3799 1750 3859 cl:
1786 3799 1940 3861 infra
1975 3797 2045 3851 Ν.
2070 3801 2218 3852 2804.
2243 3828 2307 3837 -
2340 3801 2392 3862 8)
2428 3799 2725 3851 Semissalis
2757 3818 2868 3853 non

307 3889 614 3936 recensetur
636 3887 701 3935 ab
729 3887 1055 3953 Hieronymo
1082 3887 1197 3936 loco
1222 3900 1388 3950 supra
1414 3887 1597 3949 citato,
1629 3885 1725 3935 sed
1756 3901 1947 3935 nomen
1970 3887 2084 3935 eius
2104 3885 2291 3948 firmat
2312 3889 2364 3934 et
2382 3886 2619 3948 gradum
2653 3887 2866 3938 demon-

305 3974 476 4034 strat,
521 3973 583 4019 ut
623 3974 835 4022 monuit
880 3972 1004 4036 Mo„
1050 3972 1365 4022 constitutio
1411 3971 1702 4021 Iustiniani
1752 3969 1892 4036 (cod.
1929 3970 2056 4023 Just.
2093 3971 2139 4033 4,
2173 3973 2259 4035 27,
2292 3971 2346 4032 2,
2380 3973 2451 4022 20
2473 3975 2601 4036 seq.)
2614 4008 2629 4035 ,
2678 3974 2773 4022 ubi
2805 3975 2866 4022 in

310 4052 514 4116 officiis
529 4054 726 4106 ducum
737 4059 1150 4121 provinciarum
1169 4055 1563 4117 Africanarum
1573 4061 1699 4121 post
1709 4058 2102 4122 primicerium,
2120 4058 2508 4119 numerarium,
2527 4055 2866 4121 ducenarios,

307 4143 659 4206 centenarios,
694 4143 957 4207 biarchos,
982 4144 1274 4203 ce'rcitores,
1302 4145 1643 4191 recensentur
1665 4142 1963 4191 semissalii.
1989 4170 2056 4180 —
2081 4143 2132 4204 9)
2160 4141 2413 4205 Magistri
2433 4143 2602 4205 primi
2624 4141 2865 4204 dignitas

298 4229 587 4293 praeterea
632 4229 838 4290 ignota.
877 4256 938 4263 —
982 4228 1063 4290 10)
1100 4242 1148 4279 ῐι.
1186 4240 1227 4278 S.
1266 4227 1508 4288 litterae,
1554 4242 1721 4291 supra
1759 4228 1955 4276 lineam
1991 4226 2254 4290 adiectae,
2298 4241 2406 4276 non
2443 4226 2864 4291 intelleguntur,-

308 4310 373 4361 de
419 4307 680 4371 semafori
720 4311 978 4362 vocabulo
1025 4308 1095 4372 cf.
1144 4327 1309 4375 supra
1345 4310 1413 4362 N.
1448 4311 1586 4362 2524
1626 4311 1759 4378 (not.
1796 4311 1874 4377 2).
1909 4339 1981 4348 —
2019 4314 2101 4374 11)
2140 4310 2523 4376 Campedoctor
2566 4310 2664 4374 (cs.
2698 4327 2863 4377 supra

304 4394 378 4448 N.
413 4395 546 4446 2446
582 4399 691 4447 not.
726 4397 809 4457 5).
843 4424 910 4432 -
954 4398 1036 4460 12)
1071 4396 1328 4447 Fortasse
1363 4398 1576 4448 coniuxs
1612 4395 1900 4447 Vandacce.

477 4545 650 4617 2804
714 4549 800 4610 Fl.
845 4549 1058 4611 Saume
1103 4550 1302 4613 biarco
1359 4552 1432 4612 de
1476 4570 1730 4612 numero
1782 4551 2047 4630 equitum
2105 4550 2557 4611 bracchiatoru.¹
2606 4549 2616 4633 Ι
2669 4569 2861 4612 arcam

306 4653 392 4715 illi
437 4661 713 4712 emerunt
767 4652 953 4712 frater
995 4652 1134 4714 Viax
1179 4663 1240 4715 et
1293 4653 1561 4733 Euingus
1603 4653 1882 4730 semtor²,
1941 4652 2263 4736 Alulgildus
2308 4652 2573 4726 biarcus3
2634 4655 2683 4715 si
2729 4655 2863 4734 quis

308 4755 469 4816 illam
515 4753 747 4833 aperire
791 4752 1059 4830 voluerit,
1105 4755 1267 4817 dabit
1308 4757 1449 4817 fisco
1497 4758 1621 4818 auri
1661 4753 1670 4839 Ι
1712 4756 1921 4818 libram
1967 4776 2167 4819 unam.
