3432 5387
971 409 1146 464 Tituli
1179 396 1418 464 virorum
1453 412 1511 464 et
1542 409 1831 464 mulierum
1866 407 2072 464 ordinis
2108 408 2389 464 senatorii.
2826 409 2948 468 283

388 583 634 647 buisset.
665 580 686 664 Ι
743 583 896 643 Hinc
928 583 1100 643 etiam
1133 584 1350 644 factum
1383 592 1492 656 est,
1532 591 1599 643 ut
1628 601 1935 644 mensores
1967 602 2077 644 nos
2107 583 2487 655 PortuenseS‚
2526 580 2537 662 Ι
2577 581 2740 661 quib.
2787 592 2952 645 vetus

387 687 502 748 fuit
546 703 682 746 cum
728 685 1073 747 caudicariis
1117 686 1526 764 diuturnumq.
1567 683 1577 765 Ι
1616 684 1949 757 luctamen,
2008 685 2127 746 voti
2174 693 2463 765 conpotes
2506 683 2838 758 abiremuS,
2887 695 2953 746 ut

389 797 651 866 utrumq.
692 784 701 869 Ι
742 805 960 866 corpus
1003 796 1063 848 et
1103 786 1395 848 beneficio
1440 806 1503 848 se
1549 796 1606 847 et
1639 786 1880 847 victoria
1911 787 2238 864 gratuletur
2276 785 2285 860 Ι
2326 787 2654 861 adfectum3
2704 807 2837 849 nam
2886 799 2952 850 ut

387 891 502 951 hoc
547 898 701 951 esset
744 889 984 962 indicio,
1029 889 1143 949 iam
1187 889 1381 968 posito
1421 888 1431 971 Ι
1470 888 1813 968 magistratu
1858 896 2104 949 statuam
2135 899 2391 969 patrono
2421 890 2946 972 praestantislsimo

388 991 790 1052 testimonium
838 991 1248 1070 gratulationis
1293 990 1678 1062 exsolvimus,
1733 988 1744 1063 Ι
1793 1008 1925 1051 cum
1973 1010 2071 1052 res
2117 1010 2239 1053 non
2287 992 2653 1066 adulatione,
2702 993 2948 1073 privato,

388 1103 480 1154 set
523 1093 769 1167 iudicio,
827 1092 1021 1171 posito
1078 1092 1140 1152 in
1194 1093 1315 1153 otio
1373 1103 1433 1153 et
1477 1093 1703 1173 quiete,
1760 1093 2057 1154 reddatur.
2147 1100 2452 1165 (Inlatere)
2509 1094 2770 1156 dedicata
2819 1095 2948 1155 VIII

390 1195 504 1256 kal.
544 1199 555 1273 Ι
595 1195 758 1275 Sept.
806 1194 893 1255 Fl.
934 1192 944 1275 Ι
983 1194 1237 1255 Timasio
1284 1203 1343 1256 et
1387 1194 1473 1255 Fl.
1521 1195 1803 1256 Promoto
1842 1192 1852 1278 Ι
1890 1215 1977 1255 vv.
2023 1214 2109 1256 cc.
2156 1196 2377 1257 conss.³

557 1294 754 1346 Romae
777 1295 905 1346 olim
930 1297 988 1344 in
1011 1295 1189 1345 insula
1214 1294 1481 1358 Tiberina,
1507 1312 1649 1346 nunc
1674 1300 1731 1345 in
1756 1312 1935 1346 museo
1963 1297 2226 1347 Vaticano
2252 1295 2543 1361 (V11739).
2570 1326 2634 1334 -
2665 1300 2713 1359 1)
2739 1300 2803 1348 A.
2825 1300 2947 1360 385,

388 1396 494 1446 quo
541 1396 685 1431 anno
729 1385 1058 1430 memoratur
1103 1379 1275 1431 Celsus
1328 1381 1632 1431 causidicus
1682 1379 1797 1441 sori
1844 1383 2083 1432 urbanae
2118 1378 2502 1446 praefecturae
2547 1398 2579 1432 a
2629 1382 2949 1448 Symmacho

386 1467 484 1517 rel.
507 1466 596 1518 25.
621 1494 687 1503 -
713 1467 762 1528 2)
786 1465 878 1515 Ad
890 1462 1294 1530 praefecturam
1319 1470 1676 1516 annonariam
1713 1471 1827 1516 eius
1857 1469 2131 1532 pertinent
2163 1465 2313 1516 tituli
2332 1468 2649 1517 portuenses
2678 1467 2806 1518 XIV
2827 1467 2946 1521 ⁴38.

390 1551 510 1603 459.
534 1551 648 1604 475.
717 1550 970 1600 Eiusdem
1006 1555 1083 1600 est
1113 1553 1393 1616 praeterea
1430 1550 1620 1600 titulus
1654 1550 1706 1601 X
1723 1553 1867 1603 4560.
1904 1580 1968 1589 -
2007 1552 2057 1615 3)
2092 1553 2157 1603 A.
2191 1552 2312 1604 589.

555 1685 726 1756 1273
788 1687 1013 1749 domini
1059 1688 1245 1750 nostri
1290 1687 1654 1749 invictissimi
1710 1699 1770 1749 et
1814 1688 2179 1751 venerabiles
2217 1690 2227 1770 Ι
2266 1708 2335 1750 ac
2379 1692 2652 1770 perpetui
2698 1692 2948 1771 Augusti

388 1790 753 1852 Theodosius
797 1801 857 1852 et
895 1789 906 1872 Ι
946 1791 1258 1851 Arcadius¹
1303 1798 1431 1850 toto
1477 1788 1622 1851 orbe
1665 1791 1919 1852 victores
1958 1787 1969 1874 Ι
2007 1791 2275 1853 Materno
2322 1792 2620 1872 Cynegio²
2680 1795 2945 1856 omnium

385 1891 668 1952 virtutum
713 1892 836 1952 viro
883 1902 943 1953 et
985 1893 1058 1953 ad
1101 1890 1412 1975 inlsignem
1457 1892 1686 1953 laudem
1732 1892 2098 1971 gloriamque
2142 1895 2475 1974 progenito,
2521 1915 2629 1975 per
2678 1896 2687 1976 Ι
2742 1914 2949 1958 omnes

383 1992 684 2055 honorum
727 1993 947 2072 gradus
988 1995 1332 2054 meritorum
1365 1990 1883 2076 conltemplatione
1915 2003 2214 2074 provecto,
2259 1998 2558 2076 praesecto
2599 1995 2609 2077 Ι
2648 1999 2947 2076 praetorio

387 2115 495 2175 per
538 2097 859 2170 Orientem,
905 2104 1156 2157 statuam
1196 2094 1206 2176 Ι
1244 2096 1393 2156 civili
1439 2095 1640 2156 habitu
1686 2097 1757 2157 ad
1803 2097 2052 2176 petitum
2088 2096 2415 2176 primorum
2451 2094 2887 2185 nobilissim[e]⁸
2935 2099 2943 2183 Ι

385 2198 814 2259 Alexandrinae
860 2198 1024 2260 urbis
1068 2199 1127 2259 in
1175 2198 1377 2258 eadem
1421 2198 1724 2278 splendida
1767 2201 1777 2272 Ι
1816 2198 1963 2259 urbe
2007 2198 2077 2259 ad
2110 2200 2521 2279 perpetuitatis
2553 2203 2765 2262 samam
2812 2203 2946 2264 loco

388 2297 787 2381 celelberrimo
833 2300 1113 2361 constitui
1158 2298 1552 2379 collocarique
1596 2302 1900 2362 iusserunt
1939 2299 1947 2379 Ι
1987 2319 2097 2380 per
2131 2301 2486 2363 clarissimos
2516 2302 2947 2365 Alexandrinae

387 2402 651 2463 civitatis,

556 2502 926 2553 Alexandriae
948 2502 1188 2567 Aegypti
1212 2501 1323 2562 (III
1341 2502 1403 2552 49
1427 2525 1492 2544 ·==
1518 2503 1604 2553 III
1624 2503 1676 2556 S.
1696 2503 1827 2554 6587
1862 2503 1937 2554 ad
1970 2504 2212 2569 exempla
2249 2504 2355 2555 duo
2386 2502 2535 2564 facta
2560 2521 2695 2555 saec.
2722 2503 2946 2568 XVIII).

388 2616 453 2625 —
493 2591 538 2650 1)
577 2585 656 2647 Cr.
691 2590 803 2639 not.
838 2588 892 2638 2.
937 2615 1001 2624 —
1040 2588 1089 2649 2)
1128 2587 1228 2636 Hie
1262 2590 1338 2636 est
1374 2586 1640 2652 Cynegius
1678 2588 1986 2653 praefectus
2024 2591 2308 2653 praetorio
2358 2589 2620 2653 Orientis,
2667 2593 2761 2654 qui
2795 2592 2945 2640 iussu

395 2670 675 2723 Theodosii
702 2689 805 2738 per·
839 2672 1147 2739 Aegyptum
1184 2671 1378 2737 tentpla
1403 2672 1598 2723 clausit
1631 2670 1790 2733 (fasti
1813 2672 1948 2723 Idat.
1984 2674 2080 2723 sub
2117 2690 2166 2727 a.
2192 2674 2325 2736 3⁷88,-
2361 2674 2496 2725 Idat.
2528 2674 2709 2725 claron.
2736 2690 2783 2725 a.
2808 2676 2949 2737 388,-

387 2758 633 2809 Zosimus
655 2761 702 2823 4,
724 2759 969 2825 57-45),
1006 2762 1056 2807 et
1089 2758 1164 2808 ad
1197 2773 1348 2822 quem
1371 2773 1482 2807 non
1499 2773 1680 2822 pauca
1715 2762 1978 2823 rescripta
2016 2776 2065 2808 a.
2087 2760 2637 2823 584—58910311111211·
2672 2761 2730 2808 in
2768 2759 2948 2809 codice

392 2841 760 2896 Theodosiana
803 2843 981 2908 (quem
1027 2846 1203 2892 tamen
1251 2839 1565 2902 defunctum
1610 2858 1754 2893 anno
1785 2845 1894 2896 588
1939 2842 2166 2893 tradunt
2209 2841 2345 2903 fasti
2392 2843 2673 2908 Idatiani).
2753 2843 2951 2895 Consul

388 2927 703 2978 ordinarius
737 2924 852 2988 fuit
886 2944 933 2978 a.
956 2930 1078 2992 388,
1112 2931 1207 2993 qui
1240 2930 1414 2978 honor
1449 2941 1568 2978 cum
1602 2943 1712 2977 non
1747 2932 2088 2993 memoretur,
2133 2933 2261 2977 ante
2295 2930 2437 2978 hunc
2483 2944 2684 2978 annum
2728 2930 2947 2979 titulum

378 3016 616 3079 positum
649 3030 760 3064 esse
795 3013 1143 3076 crediderim;
1179 3014 1406 3076 offendit
1439 3019 1614 3063 tamen
1650 3016 1850 3063 mentio
1887 3016 2081 3063 omissa
2109 3012 2482 3063 Valentiniani
2515 3016 2750 3063 iunioris
2785 3017 2949 3065 occisi

386 3115 529 3150 anno
561 3099 768 3149 demum
800 3100 924 3151 592.
958 3126 1021 3136 -
1060 3100 1110 3164 3)
1145 3098 1450 3150 nobilissimi
1487 3098 1743 3149 traditur.

556 3234 726 3305 1274
791 3235 1007 3298 Cronio
1054 3236 1312 3297 Eusebio
1371 3254 1421 3293 ν.
1468 3254 1554 3310 c.,
1604 3233 1614 3316 Ι
1655 3236 1955 3297 consulari
1999 3236 2276 3297 Aemiliae
2334 3236 2523 3297 addita
2564 3236 2574 3317 Ι
2614 3236 2946 3315 praedictae

389 3341 726 3420 provinciae
770 3338 1042 3400 contuitu
1081 3335 1090 3419 Ι
1131 3337 1458 3418 vigilantiae
1505 3347 1564 3398 et
1605 3337 1860 3399 iustitiae
1907 3338 2033 3399 eius
2072 3339 2082 3421 Ι
2121 3338 2295 3399 etiam
2333 3338 2758 3398 Ravennatium
2803 3338 2945 3400 civi-

329 3514 330 3517 *
385 3451 502 3503 tate
548 3460 698 3522 quae
737 3440 747 3522 Ι
785 3449 955 3503 antea
988 3442 1189 3502 Piceni
1236 3449 1412 3520 caput
1440 3440 1777 3519 provinciae
1818 3436 1827 3523 Ι
1865 3440 2190 3513 videbatur,
2236 3441 2450 3501 vicario
2481 3440 2698 3513 Italiae,
2747 3459 2898 3520 quae
2932 3435 2942 3523 Ι

386 3553 644 3624 potestas
684 3561 864 3622 supra
907 3543 1065 3605 dicto
1110 3543 1234 3602 viro
1281 3541 1355 3602 ob
1403 3543 1823 3624 testilmonium
1854 3552 1992 3603 ante
2028 3543 2141 3603 acti
2172 3543 2416 3603 honoris
2459 3552 2546 3603 est
2585 3543 2594 3623 Ι
2632 3542 2945 3617 adtributa,

385 3646 673 3727 petitione
717 3655 978 3717 senatuS,
1019 3644 1029 3726 Ι
1069 3644 1568 3723 contemplatione
1606 3645 1756 3705 vitae
1788 3656 1962 3722 atque
2001 3641 2011 3723 Ι
2051 3644 2423 3723 eloquentiae
2470 3645 2594 3705 eius
2629 3644 2711 3727 *ab
2760 3645 2945 3705 invic-

391 3748 628 3810 tissimis
667 3745 675 3829 Ι
715 3746 1087 3827 principibus
1134 3754 1221 3807 est
1266 3746 1470 3807 delata.
1551 3752 1757 3815 (Infra)
1824 3736 2145 3832 [ἸταΙλίης
2191 3738 2475 3829 ἄρχοντα
2522 3740 2945 3832 σαό[π]τολιν

388 3845 804 3938 ἓστ[ή]σαντο
859 3845 1091 3935 βου[λὴ
1148 3844 1282 3932 κ]αὶ
1339 3844 1700 3935 βασι[λ]εὺς
1759 3843 1875 3911 τὸν
1922 3843 2137 3933 σοφὸν
2182 3839 2522 3929 Εὐσέβιον.
2628 3865 2716 3923 (ln
2754 3864 2941 3928 latere)

386 3953 644 4014 dedicata
685 3951 693 4032 Ι
736 3952 778 4009 V
825 3951 956 4013 idus
999 3950 1280 4012 Novemb.
1322 3948 1331 4031 Ι
1372 3969 1535 4012 cons.
1581 3950 1666 4010 Fl.
1714 3951 1906 4011 Mallio
1948 3945 1957 4032 Ι
1994 3950 2307 4010 Theodoro
2351 3969 2405 4010 v.
2449 3953 2523 4012 c.²

554 4051 750 4103 Romae
787 4052 889 4113 (VI
924 4052 1066 4113 1715,
1094 4052 1260 4103 Inscr.
1288 4051 1377 4102 Gr.
1403 4051 1553 4103 Sicil.
1578 4052 1699 4103 Ital.
1725 4052 1870 4116 4075,
1905 4052 2170 4116 descripta
2205 4066 2340 4102 saec.
2367 4051 2482 4112 XV,
2518 4050 2751 4111 sortasse
2785 4052 2947 4102 semel

383 4142 636 4201 tantum).
670 4166 739 4175 —
777 4140 823 4201 1)
858 4138 922 4190 A.
957 4139 1074 4189 599.

562 4271 729 4342 1275
796 4274 884 4336 ΡΙ.
928 4276 1252 4353 Peregrino
1297 4274 1621 4335 Saturnino
1660 4272 1669 4355 Ι
1710 4293 1743 4334 a
1787 4274 1993 4354 primis
2050 4273 2483 4335 adulescentiae
2526 4292 2666 4334 suae
2711 4273 2884 4333 annis
2930 4270 2939 4353 Ι

384 4395 533 4457 pace
579 4377 853 4456 belloque
912 4377 973 4437 in
1021 4376 1322 4457 republica
1367 4371 1725 4456 desuldanti,
1783 4385 1919 4453 post
1975 4376 2140 4454 iuges
2193 4375 2470 4436 excubias
2514 4374 2749 4434 militiae
2788 4373 2797 4452 Ι
2835 4374 2943 4435 tri-

363 4463 554 4541 ‘buno
603 4480 906 4553 militum¹,
953 4481 1153 4541 comiti
1199 4479 1424 4540 ordinis
1462 4477 1472 4559 Ι
1513 4478 1705 4557 primi,
1752 4478 2080 4537 moderanti
2123 4477 2430 4537 inlustrem
2489 4475 2675 4537 sacri²
2713 4474 2721 4554 Ι
2761 4475 2944 4554 patri-

384 4582 570 4643 monii
603 4582 986 4655 comitivam⁸,
1033 4582 1295 4643 secundo
1325 4581 1460 4642 urbi
1500 4581 1509 4657 Ι
1549 4579 1903 4660 praefecto⁴,
1949 4579 2041 4637 cui
2089 4577 2164 4638 ob
2197 4577 2594 4638 testimonium
2626 4596 2883 4652 morum,
2931 4575 2939 4660 Ι

384 4683 737 4762 integritatis
780 4684 969 4763 adque
1014 4684 1267 4745 iustitiae
1306 4681 1315 4764 Ι
1355 4683 1691 4761 singularis,
1736 4681 2002 4741 inlustris
2036 4680 2297 4741 urbanae
2335 4678 2344 4761 Ι
2387 4682 2791 4759 praefecturae
2836 4699 2943 4760 ge-

384 4786 602 4848 minam
650 4786 991 4866 dignitatem
1031 4787 1040 4864 Ι
1080 4803 1248 4847 sacro
1294 4785 1509 4846 iudicio
1548 4784 1773 4845 aeterni
1804 4784 2107 4863 principes
2146 4784 2154 4861 Ι
2195 4783 2537 4843 detulerunt
2566 4783 2941 4844 meritorum-
