3432 5387
829 398 1001 455 Tituli
1035 400 1425 470 imporatorum
1461 400 1760 467 domusque
1794 398 2195 467 imperatoriae.
2717 398 2793 457 61

223 573 400 635 Ultori
447 584 729 645 taurum,
777 572 966 633 Genio
1006 575 1015 650 Ι
1056 567 1263 657 [ipsius
1304 567 1585 657 ta]urum.
1627 581 1634 652 Ι
1675 572 1742 632 lu
1792 571 2042 649 coiiegio
2088 572 2405 633 adfuerunt
2436 571 2512 632 M.
2539 572 2803 635 Valerius
2845 584 2902 634 30

216 673 478 737 Messalla
528 674 855 748 Corvinus,
907 675 972 735 P.
1018 673 1331 735 Memmius
1376 673 1651 752 ReguluS‚
1694 674 1704 757 Ι
1746 668 2089 759 [Sulpici]us
2135 675 2511 749 Camerinus,
2557 674 2622 735 L.
2670 675 2797 737 Sal-

216 778 336 839 vius
381 778 550 839 Otho
600 777 897 838 Titianus
947 773 954 856 Ι

381 872 478 963 [Τ.
530 874 845 963 Seoe]tio
877 879 1239 940 Africano
1275 877 1349 938 M.
1384 878 1693 939 Ostorio
1743 878 2064 958 Scapula
2111 898 2254 939 cos,
2297 877 2307 960 Ι
2347 879 2427 939 111
2473 880 2603 941 idus
2649 879 2799 958 Sep-

218 980 419 1042 tembr.
462 982 475 1061 Ι
521 976 620 1065 [L.
671 981 802 1042 Piso
846 977 908 1040 L.
954 982 1001 1060 f.
1046 975 1352 1064 ma]gister
1395 980 1628 1058 collegii
1673 981 1922 1042 fratrum
1955 980 2249 1042 Arvalium
2299 981 2542 1042 nomine
2589 982 2801 1042 immo·
2844 992 2902 1042 35

220 1084 349 1145 lavit
390 1082 454 1144 in
506 1082 809 1162 Capitolio
855 1101 965 1162 pro
1005 1079 1016 1163 Ι
1056 1078 1261 1165 [salute
1289 1079 1369 1157 (P)
1414 1092 1469 1144 et
1511 1076 1793 1166 rJeditu²⁰
1830 1083 2082 1146 Neronis
2122 1084 2322 1145 Claudi
2356 1084 2617 1145 Caesaris
2648 1085 2797 1164 Aug.

216 1185 556 1246 Germanici
589 1184 718 1246 Iovi
750 1185 960 1246 bovem
990 1201 1234 1258 marem,
1279 1183 1499 1246 lunoni
1540 1183 1550 1265 Ι
1594 1179 1897 1269 [vaccam]‚
1935 1185 2230 1247 Minervae
2264 1203 2515 1259 vaccam,
2564 1190 2700 1246 item
2735 1186 2795 1246 in

222 1289 346 1348 toro
392 1287 676 1368 Augusto
722 1287 911 1348 Genio
955 1286 1164 1366 ipsiius
1206 1294 1463 1361 taurum,
1517 1287 1701 1347 Saluti
1746 1305 2001 1362 vaccam,
2042 1287 2051 1369 Ι
2094 1283 2251 1373 [ante
2294 1283 2549 1373 dom]um
2599 1288 2798 1349 Domi-

221 1385 486 1477 [t]ianam
518 1391 618 1453 dis
652 1389 974 1451 Penatibus
1003 1406 1256 1450 vaccam.
1297 1385 1307 1470 Ι
1347 1389 1415 1449 ln
1454 1389 1702 1468 collegio
1735 1391 2055 1452 adsuerunt
2085 1391 2148 1451 P.
2182 1391 2492 1452 Memmius
2521 1390 2801 1469 ReguluS,
2844 1402 2904 1451 40

225 1492 289 1553 L.
321 1492 552 1555 Salvius
589 1493 754 1554 Otho
786 1492 1073 1567 Titianus,
1113 1493 1122 1570 Ι
1166 1486 1258 1575 [C.
1302 1485 1627 1576 Vipstanus]
1675 1487 2123 1576 Ap[ro]nianus‚
2174 1493 2247 1553 M.
2286 1492 2554 1572 Aponius
2598 1493 2800 1554 Satur-

230 1595 426 1669 ninuS,
471 1594 544 1655 T.
595 1595 839 1656 Sextius
882 1594 1213 1655 Africanus

388 1709 595 1762 Romae
633 1715 795 1762 extra
827 1715 1045 1777 portam
1080 1712 1424 1762 Portuensem
1460 1713 1518 1760 in
1554 1712 1707 1760 vinea
1748 1708 2060 1774 Geecarelli‚
2106 1710 2202 1759 ubi
2234 1707 2348 1771 fuit
2380 1710 2531 1760 lucus
2562 1708 2803 1770 fratrum

233 1795 524 1862 Arvalium,
563 1798 789 1848 tabulae
822 1811 1154 1847 marmoreae
1189 1796 1342 1860 duae,
1378 1796 1554 1847 altera
1594 1792 1686 1859 (Ν.
1724 1794 1853 1861 229)
1897 1810 2010 1860 rep.
2047 1811 2095 1845 a.
2135 1795 2275 1860 4866,
2312 1796 2485 1846 altera
2524 1793 2619 1860 (N.
2653 1794 2805 1861 230),

234 1896 359 1945 quae
405 1884 563 1932 varie
616 1879 802 1942 fracta
850 1885 948 1942 est,
992 1883 1200 1946 partim
1247 1898 1296 1933 a.
1332 1881 1486 1945 4570,
1533 1881 1735 1944 partim
1777 1876 2105 1940 fossionibus
2151 1882 2414 1930 institutis
2448 1897 2499 1930 a.
2532 1879 2663 1931 4868
2697 1895 2804 1944 seq.

235 1964 336 2029 (Vl
359 1966 508 2017 2044.
547 1968 692 2018 2042
728 1989 794 2009 ==
834 1966 1045 2017 Henzen
1080 1971 1187 2018 act.
1223 1967 1356 2018 Arv.
1385 1982 1443 2031 p.
1469 1964 1645 2017 LXIX
1657 1981 1765 2030 seq.
1776 1983 1797 2028 ‚·
1832 1980 1940 2015 non
1977 1969 2118 2015 totas
2155 1965 2363 2015 tabulas
2397 1963 2700 2030 eaeseripsi).
2738 1991 2801 2001 —

241 2053 284 2113 1)
314 2050 724 2117 Significantur
749 2053 815 2103 A.
838 2053 1105 2102 Paconius
1140 2051 1374 2102 Sabinus
1410 2053 1473 2104 A.
1501 2052 1784 2101 Petronius
1817 2048 1995 2101 Lurco
2034 2050 2276 2100 consules
2307 2049 2522 2112 suffecti
2556 2066 2605 2100 a.
2627 2051 2714 2100 58.
2737 2075 2806 2087 -

239 2137 285 2195 2)
316 2136 443 2186 Dies
476 2140 706 2204 imperii
738 2135 972 2187 Neronis
1006 2134 1077 2196 ef.
1119 2132 1167 2183 T
1162 2150 1241 2186 ac.
1277 2151 1402 2186 ann.
1439 2135 1525 2199 42,
1547 2137 1628 2186 69.
1674 2162 1739 2172 -
1785 2136 1838 2199 3)
1872 2135 2073 2186 Frater
2108 2136 2195 2186 hic
2234 2135 2456 2187 Othonis
2496 2136 2591 2201 qui
2617 2137 2806 2200 postea

241 2222 531 2287 imperavit.
569 2251 644 2260 —
678 2224 732 2285 4)
768 2221 820 2271 Is
854 2222 950 2285 qui
983 2222 1274 2285 imperavit
1308 2236 1355 2271 a.
1380 2222 1461 2273 69.
1502 2248 1564 2257 -
1604 2222 1653 2282 5)
1690 2221 1820 2270 Dies
1854 2221 2055 2270 natalis
2076 2222 2417 2286 Agrippinae
2450 2225 2609 2270 notus
2643 2221 2805 2268 etiam

239 2321 303 2355 ea:
333 2304 492 2366 fastis
528 2308 850 2358 Antiatibus
886 2304 943 2369 (1
967 2322 1021 2370 p.
1056 2307 1162 2358 329
1194 2329 1261 2348 =
1291 2304 1345 2357 X
1379 2305 1567 2372 6638),
1611 2307 1706 2355 ubi
1755 2305 2086 2371 adscriptum
2123 2310 2202 2355 est
2236 2305 2445 2372 Agripp.
2482 2305 2571 2357 lul.
2609 2309 2713 2357 nat.
2740 2333 2804 2341 —

244 2390 288 2453 Β)
323 2390 655 2443 Concordiae
690 2391 1022 2441 immolatum
1046 2407 1079 2440 a
1102 2388 1374 2450 fratribus
1399 2390 1691 2440 Arvalibus
1712 2406 1822 2441 non
1854 2393 2155 2441 invenimus
2179 2393 2290 2441 nisi
2312 2391 2585 2441 natalibus
2608 2392 2806 2456 Agrip-

240 2477 391 2539 pinae
424 2481 475 2526 et
499 2475 755 2528 Neronis.
791 2503 861 2515 —
896 2479 947 2540 7)
984 2476 1095 2526 Hoc
1129 2474 1215 2526 die
1249 2490 1297 2526 a.
1322 2477 1387 2525 54
1424 2475 1675 2525 videntur
1707 2473 1879 2535 fuisse
1914 2479 2132 2528 comitia
2169 2479 2364 2542 quibus
2397 2474 2604 2527 Neroni
2637 2478 2808 2526 tribu-

244 2562 375 2610 nicia
397 2567 642 2627 potestas
666 2562 843 2612 delata
867 2566 975 2623 est,·
1012 2559 1082 2622 ef.
1106 2559 1332 2610 similem
1357 2559 1533 2609 locum
1558 2565 1805 2610 actorum
1830 2563 1964 2613 anni
1985 2564 2048 2612 69
2076 2558 2253 2626 (infra
2279 2577 2333 2614 n.
2357 2561 2455 2613 244
2480 2577 2528 2612 υ.
2552 2562 2659 2627 60).
2729 2561 2809 2610 De

248 2648 466 2697 comitiis
502 2649 834 2699 tribuniciae
863 2647 1150 2712 potestatis
1186 2643 1256 2708 cll
1296 2643 1588 2697 Mommsen
1625 2643 1857 2700 Slaatsr.
1885 2646 2078 2698 11839.
2116 2675 2178 2683 -
2220 2647 2270 2711 8)
2296 2645 2395 2697 Est
2420 2645 2511 2699 Cn.
2536 2646 2809 2697 Domitius

247 2731 624 2784 Ahenobarbus
649 2737 812 2798 pater
846 2729 1080 2782 Neronis
1117 2728 1214 2797 (cf.
1257 2729 1380 2782 Tac.
1417 2746 1544 2781 ann.
1579 2730 1663 2793 43,
1700 2731 1804 2797 40).
1877 2730 2006 2781 Dies
2041 2731 2125 2782 111
2135 2732 2259 2782 idus
2294 2732 2418 2782 Dec.
2459 2728 2571 2792 fuit
2602 2732 2807 2782 natalis

250 2818 367 2882 eius,
397 2822 460 2868 ut
481 2822 699 2870 constat
722 2834 791 2867 eae
814 2820 951 2867 actis
976 2832 1026 2867 a.
1045 2817 1127 2867 57.
1156 2843 1218 2854 -
1243 2819 1295 2881 9)
1327 2814 1454 2865 Dies
1477 2816 1677 2866 natalis
1700 2816 1952 2880 Neronis,
1976 2821 2136 2868 notus
2160 2819 2319 2866 etiam
2345 2832 2415 2867 ea:
2439 2815 2581 2867 Suet.
2607 2814 2736 2868 Ner.
2760 2819 2806 2867 6.

249 2927 307 2936 -
352 2904 432 2967 10)
481 2901 564 2965 Cr.
613 2918 779 2968 supra
824 2906 935 2956 not.
970 2903 1033 2962 6,·
1077 2907 1310 2952 ceterum
1357 2903 1492 2950 mire
1541 2902 1744 2952 dictum
1793 2899 2074 2953 Concordia
2123 2901 2333 2952 honoris
2381 2901 2705 2968 Agrippinae.
2740 2929 2808 2939 —-

256 2987 328 3048 11)
360 2986 616 3039 Consules
649 2988 924 3039 ordinarii
956 2989 1092 3038 anni
1123 3002 1177 3052 p.
1218 2985 1270 3038 C.
1305 2988 1388 3037 59.
1426 3013 1494 3024 -
1536 2988 1617 3049 12)
1652 2986 1782 3037 Dies
1816 2987 1902 3037 III
1942 3001 2068 3037 non.
2103 2987 2218 3038 Ian.
2256 2986 2319 3051 (3
2353 2987 2493 3054 Ian.)
2539 2987 2812 3038 sollemnis

250 3066 353 3128 suit
382 3075 519 3122 votis
546 3089 657 3139 pro
682 3072 855 3124 salute
875 3074 1144 3139 principis
1166 3071 1559 3137 nuncupandis,
1594 3072 1760 3122 simul
1791 3076 1917 3122 vota
1954 3088 2100 3122 anno
2131 3074 2321 3137 priore
2346 3077 2657 3138 nuncupata
2692 3088 2812 3137 per-

217 3195 223 3199 .
254 3154 599 3213 solvebantur.
650 3157 790 3209 Haec
813 3158 1097 3223 aliquanto
1114 3157 1333 3223 plenius
1356 3172 1517 3223 quam
1543 3156 1631 3206 liic
1641 3161 1983 3208 enarrantur
2005 3160 2065 3208 in
2083 3160 2219 3209 actis
2238 3161 2370 3208 anni
2384 3158 2465 3209 87.
2480 3186 2542 3195 -
2564 3160 2643 3222 13)
2665 3158 2811 3209 Nero

255 3253 361 3289 eum
381 3243 682 3308 imperator
702 3239 881 3303 factus
903 3245 979 3292 sit
1000 3242 1052 3293 d.
1076 3242 1143 3295 43
1165 3243 1276 3293 Oct.
1298 3243 1381 3306 54,
1418 3241 1506 3291 die
1527 3242 1567 3294 3
1590 3241 1706 3294 Ian.
1730 3244 1798 3293 59
1823 3247 1963 3293 recte
1988 3243 2192 3294 dicitur
2228 3245 2521 3294 tribunicia
2548 3248 2814 3309 potestate

256 3327 501 3387 quintum.
551 3328 666 3379 Hoc
682 3329 878 3378 mirum
902 3330 961 3378 in
986 3329 1122 3380 actis
1145 3329 1281 3378 anni
1301 3329 1568 3391 sequentis
1588 3326 1855 3377 Neronem
1882 3329 1994 3379 dici
2017 3332 2324 3378 constanter·
2346 3344 2455 3378 non
2474 3327 2588 3380 trib.
2610 3334 2716 3394 pot.
2733 3327 2812 3388 Vl,

256 3409 339 3459 sed
370 3411 480 3464 trib.
518 3419 629 3481 pot.
670 3410 771 3464 Vll.
846 3411 1086 3464 coniecit
1122 3411 1409 3463 Mommsen
1464 3410 1691 3466 Staatsr.
1729 3412 1790 3462 ΙΙ
1813 3428 1872 3478 p.
1908 3413 1999 3464 774
2044 3417 2156 3464 not.
2189 3414 2228 3466 3
2276 3415 2423 3463 eirca
2468 3414 2567 3463 hoc
2612 3419 2814 3478 tempus

256 3499 498 3548 matam
524 3514 637 3548 esse
660 3497 985 3549 numerandi
1012 3499 1331 3548 tribunicias
1351 3500 1639 3561 potestates
1660 3500 1929 3549 rationem
1965 3502 2017 3547 et
2051 3498 2331 3549 inductam
2367 3513 2484 3548 eam
2519 3514 2654 3563 quae
2687 3498 2815 3548 inde

259 3593 287 3626 a
308 3578 476 3632 Nerva
512 3585 766 3644 obtinuit,
799 3584 1005 3634 scilieet
1038 3588 1100 3633 ut
1129 3583 1178 3634 d.
1203 3583 1267 3633 40
1291 3582 1419 3633 Dee.
1458 3584 1716 3648 cuiusque
1757 3586 1894 3634 anni
1926 3599 2097 3635 novus
2131 3584 2421 3635 adderetur
2454 3599 2721 3635 numerus.

262 3663 333 3727 14)
368 3665 711 3718 Consulatum
746 3672 999 3734 quartum
1034 3669 1163 3718 iniit
1197 3665 1343 3718 Nero
1381 3683 1434 3720 a.
1472 3670 1552 3728 60,
1590 3668 1906 3733 designatus
1941 3673 2004 3719 ut
2038 3686 2107 3719 ea:
2143 3671 2243 3721 hoc
2278 3673 2520 3720 actorum
2558 3669 2672 3720 loco
2710 3668 2815 3719 col-

260 3744 439 3810 ligitur
469 3756 582 3802 iam
616 3754 778 3804 initio
815 3756 950 3804 anni
977 3753 1369 3818 praecedentis.
1406 3780 1473 3791 -·-
1516 3755 1597 3816 15)
1634 3753 1812 3805 Verba
1851 3754 2101 3819 persolvit
2137 3758 2189 3804 et
2224 3754 2273 3804 in
2313 3769 2387 3820 pr.
2426 3768 2471 3806 a.
2499 3753 2814 3818 nuncupavit

261 3843 616 3887 remanserunt
661 3854 730 3888 ece
771 3838 1035 3889 relatione
1079 3837 1143 3887 de
1188 3839 1272 3888 his
1316 3840 1458 3889 votis
1500 3838 1689 3903 paullo
1742 3839 1904 3890 aliter
1946 3838 2115 3900 faeta.
2151 3865 2220 3877 —
2260 3839 2343 3903 16)
2379 3839 2557 3904 Ipsum
2599 3853 2812 3889 carmen

265 3920 489 3972 votorum
519 3925 958 3989 praetermissum
993 3925 1084 3974 est.
1121 3950 1190 3960 —-
1228 3926 1310 3986 17)
1345 3922 1427 3972 De
1452 3923 1689 3975 Pantheo
1726 3922 1797 3984 cll
1830 3937 1997 3990 supra
2027 3921 2093 3976 N.
2120 3924 2235 3975 429.
2261 3951 2328 3960 -
2363 3927 2444 3990 18)
2469 3925 2812 3987 Sacrificium

266 4016 485 4058 annuum
518 4007 650 4058 deae
679 4008 834 4074 Diae,
876 4008 1137 4060 celebrari
1169 4008 1385 4060 solitum
1425 4025 1601 4060 mense
1634 4009 1813 4074 Maio,
1848 4010 2191 4060 indicebatur
2225 4025 2402 4059 mense
2435 4010 2710 4064 Ianuario.
2747 4039 2811 4047 —

271 4087 345 4151 19)
372 4093 674 4160 Adoptatus
717 4098 797 4144 est
831 4092 977 4146 Nero
1026 4111 1059 4144 a
1100 4093 1326 4146 Claudio
1374 4110 1422 4146 a.
1457 4096 1526 4145 50
1576 4093 1727 4160 (Tae.
1766 4110 1893 4145 ann.
1928 4095 2015 4158 42,
2049 4094 2163 4159 25).
2202 4123 2268 4132 -—
2318 4096 2404 4160 20)
2441 4094 2670 4145 Videtur
2716 4095 2814 4144 hoc

268 4176 576 4238 sacrificium
620 4179 927 4228 institutum
977 4194 1085 4229 esse
1131 4180 1193 4229 ob
1243 4180 1460 4230 comitia
1507 4182 1697 4244 quibus
1735 4196 1782 4231 a.
1820 4180 1885 4231 54
1923 4179 2099 4242 Nero,
2145 4178 2370 4229 vixdum
2420 4184 2637 4244 accepta
2685 4183 2812 4243 toga

270 4258 417 4324 virili,
450 4264 638 4315 consul
672 4267 885 4313 creatus
918 4269 995 4314 est
1028 4266 1087 4313 in
1123 4280 1327 4315 annum
1358 4267 1428 4316 55
1456 4263 1608 4328 (Tae.
1635 4279 1761 4316 ann.
1789 4265 1871 4329 42,
1897 4265 2002 4331 44).
2027 4291 2095 4302 -
2118 4264 2204 4329 21)
2238 4264 2385 4314 Inter
2414 4262 2718 4330 pontifices,
2753 4268 2816 4313 ut

270 4342 320 4390 in
349 4345 552 4413 reliqua
597 4347 826 4412 collegia
859 4349 1250 4413 sacerdotalia,
1291 4347 1438 4400 Nero
1475 4349 1712 4400 adlectus
1761 4352 1840 4398 est
1876 4350 2055 4401 eodem
2093 4366 2140 4402 a.
2175 4351 2238 4402 54
2278 4349 2374 4415 (cl.
2409 4365 2575 4414 supra
2612 4346 2679 4399 Ν.
2703 4348 2813 4400 222

269 4430 363 4478 not.
382 4429 458 4495 3),
493 4431 670 4483 altero
694 4433 783 4482 die
804 4438 1086 4499 postquam
1111 4435 1299 4485 consul
1320 4434 1632 4499 designatus
1656 4440 1749 4499 est,
1773 4439 1835 4483 ut
1859 4451 1928 4484 exe
1953 4436 2053 4487 boe
2077 4441 2320 4486 actorum
2345 4436 2461 4485 loco
2486 4439 2726 4500 apparet.
2750 4463 2814 4471 —

275 4507 345 4570 ²2)
376 4513 806 4582 Supplementum
841 4520 906 4569 ab
933 4519 1143 4569 Henzen
1175 4521 1512 4584 propositum
1550 4534 1657 4569 non
1694 4524 1931 4583 certum‚·
1966 4521 2027 4570 id
2049 4525 2253 4572 eertum
2278 4524 2356 4570 est
2377 4524 2617 4585 spectare
2642 4522 2814 4573 locum

273 4594 334 4643 ad
361 4602 562 4651 caedem
598 4602 955 4669 Agrippinae,
994 4620 1131 4670 quae
1166 4603 1315 4665 faeta
1353 4605 1453 4655 hoc
1487 4619 1631 4655 anno
1664 4607 1764 4668 59,
1801 4609 1932 4655 teste
1972 4606 2155 4657 Tacito
2191 4622 2317 4657 ann.
2354 4606 2433 4670 44,
2465 4608 2511 4658 4.
2547 4607 2633 4673 42,
2668 4611 2814 4659 circa

275 4677 450 4746 ‘empus
471 4686 912 4752 Quinquatruum
938 4687 1026 4753 (49
1056 4687 1221 4740 Mart.
1257 4689 1410 4756 seq),
1446 4705 1494 4740 a.
1532 4690 1585 4742 d.
1615 4688 1666 4740 V
1699 4689 1956 4740 kalendas
1989 4692 2203 4757 Apriles
2242 4690 2337 4757 (28
2372 4691 2559 4758 Mart.)
2597 4691 2815 4743 Romam

274 4764 371 4815 81'710
400 4769 553 4823 dubio
591 4775 846 4823 nuntiata
882 4771 1009 4833 suit.
1064 4775 1345 4825 Probabile
1371 4779 1448 4825 est
1471 4778 1777 4826 convenisse
1803 4781 1930 4826 tunc
1954 4777 2177 4828 Arvales
2202 4783 2254 4827 et
2284 4782 2471 4843 grates
2507 4780 2676 4842 egisse
2711 4778 2816 4829 diis
