3432 5387
43 2999 300 3085 W*
328 2988 585 3074 must2
745 2979 833 3048 98
1277 2982 1421 3060 Imp.
1469 2982 1680 3043 Cacsar
1724 2981 1837 3040 divi
1873 2939 1990 3040 *luti
2038 2981 2078 3040 f.
2126 2983 2424 3056 Augustus

566 373 646 432 26
1704 372 1884 440 Caput
1919 370 1988 425 11.

566 548 726 596 tot-iis
757 543 957 595 Tiberii
991 546 1102 608 egit
1133 543 1237 595 Ma.
1259 558 1399 595 mon.
1426 544 1626 610 Ancyr.
1647 559 1701 608 p.
1729 544 1789 593 14
1805 559 1911 608 seq.
1938 571 2004 580 —
2030 545 2079 606 3)
2103 542 2183 591 De
2208 542 2348 593 ludis
2371 558 2420 593 a.
2444 542 2536 593 747
2557 558 2658 608 pro
2694 542 2872 592 reditu
2901 543 3136 607 Augusta

568 632 726 680 edilis
760 627 830 689 cs:
866 629 972 680 Dio
994 632 1080 690 35,
1096 632 1142 679 8.
1177 657 1242 666 —
1277 632 1331 691 4)
1365 629 1540 678 Era-ra
1573 634 1700 678 sunt
1734 630 1894 679 verba
1932 642 2044 678 cum
2085 627 2171 678 Gn.
2199 626 2471 693 Calpurnio
2498 626 2684 677 Pisone
2722 627 2951 693 conlega,
2989 644 3139 679 anno

564 717 768 766 scilicet
800 732 852 781 p.
894 714 945 765 C.
981 716 1074 777 20,
1124 730 1242 763 cum
1277 714 1398 763 Piso
1440 713 1589 778 apud
1630 717 1874 764 senatum
1921 716 2202 763 accusatus
2249 716 2470 763 ’nortem
2515 714 2622 763 sibi
2656 715 2996 764 consciuit-set
3033 712 3136 775 (cll

572 799 692 853 Tac.
719 802 844 865 ωδ,
869 799 971 860 17).
1043 800 1214 849 Huius
1257 798 1490 859 sortasse
1528 798 1741 848 Pisonis
1785 814 1974 848 nomen
2021 813 2230 848 erasum
2280 803 2357 848 eet
2399 799 2561 848 etiam
2612 801 2671 847 in
2720 802 2857 848 actis
2891 795 3136 859 fratrum

566 886 849 938 Arvalium
885 902 933 936 a.
960 887 1036 947 14,
1066 885 1304 937 712025
1340 901 1372 934 α
1397 900 1443 935 υ.
1466 885 1552 948 21,
1588 881 1658 945 cf:
1700 881 1896 935 civiaci
1931 885 2180 934 canolia-a
2214 884 2346 934 1888
2381 884 2480 934 vol.
2516 883 2580 934 10
2607 898 2667 948 p.
2697 884 2800 934 212
2820 899 2923 949 seq.
2968 911 3032 919 ”-
3070 883 3138 933 In

569 971 735 1020 latere
783 972 923 1019 basis
964 969 1184 1020 relictus
1231 974 1348 1020 erat
1391 984 1647 1019 numerus
1690 984 1826 1019 saxo
1872 971 2165 1034 inscriptus
2208 975 2492 1033 antequam
2534 971 2593 1017 in
2630 970 2800 1018 basim
2836 973 3138 1019 verteretur

566 1053 851 1105 LGCXLVI.

737 1173 822 1242 9ss
887 1177 1027 1255 imp.
1061 1175 1292 1236 Caesari
1322 1179 1587 1254 Augusto
1619 1176 1731 1235 divi
1765 1176 1803 1235 f.
1844 1180 1855 1251 Ι
1894 1174 2184 1254 pontufici
2230 1193 2400 1248 max„
2445 1174 2581 1235 trib.
2621 1184 2833 1254 potest.
2869 1174 3078 1249 ΧΠΧΙ,
3118 1174 3128 1257 Ι

571 1299 691 1340 cos.
736 1278 835 1351 XI,
882 1278 1034 1357 patri
1080 1276 1353 1356 patriae²‚
1401 1278 1458 1337 d.
1503 1276 1558 1337 d.

745 1378 1027 1443 Urgauone
1062 1376 1244 1439 (hodio
1268 1380 1503 1443 ArJona)
1538 1394 1688 1442 prov.
1728 1377 1981 1427 Baeticae
2018 1377 2098 1437 (ΙΙ
2119 1378 2249 1428 2107
2245 1382 2293 1440 ).
2329 1405 2394 1413 —
2423 1380 2472 1441 1)
2510 1378 2574 1427 A.
2597 1378 2760 1443 748l9.
2789 1406 2852 1414 ——
2880 1379 2931 1439 2)
2956 1377 3135 1427 Patris

566 1466 782 1529 patriae
818 1463 1227 1528 appellationem
1262 1463 1481 1513 admisit
1514 1462 1793 1527 Augustus
1828 1479 1859 1511 α
1896 1466 2086 1513 senatu
2119 1464 2424 1527 populoque
2449 1460 2684 1512 Romano
2721 1466 2799 1512 ita
2837 1463 3136 1529 appellatus

571 1551 630 1598 in
666 1551 824 1598 tertio
860 1549 1062 1598 decimo
1100 1547 1398 1610 consulatu,
1433 1548 1493 1597 id
1527 1551 1602 1597 est
1636 1565 1686 1599 a.
1721 1548 1822 1599 752
1859 1549 2024 1609 (mon.
2066 1548 2198 1597 Aac.
2225 1550 2271 1609 6,
2294 1548 2393 1609 24,·
2428 1547 2534 1597 Dio
2564 1550 2650 1609 35,
2675 1549 2780 1611 10),
2817 1547 2867 1599 d.
2902 1550 2937 1598 ὅ
2971 1547 3133 1598 Febr.

573 1632 723 1693 (fast.
764 1633 981 1695 Praeti„
1029 1631 1097 1692 cll
1138 1631 1192 1685 C.
1231 1632 1270 1684 Ι.
1306 1649 1357 1698 p.
1394 1635 1546 1696 386),
1596 1637 1830 1682 attamen
1879 1635 2038 1682 etiam
2082 1636 2239 1682 antea
2274 1649 2430 1698 saepe
2466 1648 2583 1681 eam
2622 1635 2699 1683 ita
2739 1636 2986 1683 vocatam
3025 1649 3133 1682 esse

572 1722 653 1767 ait
685 1718 792 1767 Dio
829 1718 887 1777 (l.
926 1722 995 1782 c.)
1033 1722 1083 1767 el
1118 1717 1440 1779 confirmant
1477 1718 1636 1767 tituli.

739 1854 825 1922 97
896 1858 1039 1937 imp.
1096 1857 1307 1918 Caesar
1375 1855 1488 1916 divi
1558 1855 1595 1914 f.
1646 1857 1799 1933 Aug.
1858 1876 1978 1916 cos.
2034 1855 2135 1915 ΧΠ
2155 1857 2192 1928 ¹,
2266 1865 2340 1917 tr.
2405 1865 2526 1935 pot.
2585 1855 2800 1926 xvln,
2862 1857 3132 1935 pontifex

572 1956 895 2040 maxilmuffi
926 1979 996 2019 ex
1029 1959 1220 2019 reditu
1252 1958 1471 2019 Dianae
1505 1960 1706 2019 fanum
1737 1968 1797 2017 et
1827 1958 2190 2036 Augusteum
2222 1978 2393 2018 muro
2425 1958 2815 2019 muniendum
2851 1955 2859 2039 Ι
2891 1959 3136 2025 curavit.

574 2055 686 2148 [C.]
734 2056 979 2157 Asini[o]
1027 2061 1189 2121 Gallo
1238 2079 1470 2155 procos.
1489 2060 1529 2133 ²,
1589 2069 1862 2121 curatore
1910 2061 2042 2121 Sex.
2092 2060 2352 2121 Lartidio
2406 2058 2415 2139 Ι
2472 2060 2582 2139 leg.
2626 2058 2635 2142 Ι
2673 2051 3137 2143 Αὐτοκράτωρ

574 2187 842 2265 Καῖσαρ
886 2181 1055 2243 θεοῦ
1100 2174 1244 2254 υἱὸς
1288 2174 1625 2260 Σεβαστὸς
1668 2169 1928 2254 gnatos
1972 2174 2046 2243 τὸ
2100 2175 2208 2261 ιβ’,
2258 2177 2659 2264 δημαρχικῆς
2706 2176 3011 2254 ἐξουσίας
3054 2176 3133 2244 τὸ

575 2281 661 2369 ιη’
713 2280 759 2367 Ι,
819 2279 887 2345 ἐκ
930 2282 1064 2345 τῶν
1121 2280 1316 2362 ἱερῶν
1359 2282 1477 2367 τῆς
1521 2282 1689 2344 θεοῦ
1737 2278 2094 2363 προσόδων
2138 2276 2256 2344 τὸν
2301 2278 2423 2345 νεα)
2471 2283 2580 2346 καὶ
2627 2277 2700 2344 τὸ
2749 2281 3136 2365 Σεβαστῇον

573 2386 963 2469 τιχισθῆναι
994 2382 1398 2470 προνοήθηι,
1436 2384 1443 2465 Ι
1483 2380 1494 2445 Ι
1542 2379 1553 2445 Ι
1590 2381 1603 2446 Ι
1644 2380 1654 2445 Ι
1695 2380 1707 2445 Ι
1747 2380 1760 2446 Ι
1799 2380 1814 2445 Ι
1849 2384 1867 2446 ,Ι
1901 2382 1920 2446 ,Ι
1952 2378 1967 2445 Ι
2004 2380 2020 2445 ,Ι
2056 2380 2074 2445 ,Ι
2107 2379 2118 2446 Ι
2158 2380 2176 2445 ,Ι
2209 2380 2222 2445 Ι
2261 2383 2273 2447 ,Ι
2309 2379 2322 2446 Ι.
2361 2379 2373 2446 Ι
2413 2380 2425 2445 Ι
2466 2380 2478 2447 Ι
2517 2381 2579 2447 ΙΙ
2619 2379 2631 2446 Ι
2672 2384 2683 2446 Ι
2723 2381 2772 2446 Ι’
2803 2379 3139 2468 ἐπιμελῄᾳ

572 2484 817 2563 Σέξτου
862 2484 1242 2569 Λαρτιόίου
1289 2486 1720 2570 πρεσβευτοῦ.

744 2587 943 2652 Ephesi
965 2602 1095 2651 rep„
1130 2600 1273 2635 nunc
1294 2586 1537 2635 Bet-olim·
1574 2585 1737 2649 (alter
1773 2586 1910 2649 lapis
1947 2599 2066 2633 cum
2105 2585 2286 2634 eadem
2321 2588 2673 2650 inscriptione
2709 2602 2852 2635 nunc
2886 2589 2963 2634 est
2991 2585 3133 2635 Lon·

576 2673 740 2742 dinii)
778 2672 891 2736 (111
922 2671 1095 2739 suppl.
1124 2671 1292 2738 7118).
1330 2701 1389 2709 -
1435 2673 1483 2736 1)
1518 2671 1581 2722 A.
1618 2670 1726 2723 749.
1765 2699 1826 2708 ——
1868 2671 1918 2733 2)
1956 2669 2186 2720 Era-mm
2222 2686 2412 2721 nomen
2441 2671 2492 2722 C.
2518 2671 2702 2721 Asinii
2730 2668 2873 2721 Galli
2901 2686 3135 2736 procon-

572 2758 705 2808 sulis
742 2759 860 2820 (sed
892 2760 952 2808 in
980 2762 1143 2823 parte
1178 2758 1379 2808 Latina
1415 2756 1591 2806 adhuc
1627 2756 1884 2819 lege·tm·)‚·
1918 2753 2128 2815 sactum
2163 2755 2223 2805 id
2257 2773 2399 2806 anno
2434 2773 2486 2821 p.
2527 2755 2647 2807 Chr.
2682 2759 2776 2821 30,
2826 2772 2928 2820 quo
2972 2756 3062 2805 ille
3101 2774 3134 2806 a

571 2849 758 2895 senatu
797 2843 1082 2894 damnatus
1117 2847 1196 2893 est
1230 2843 1362 2905 (Dio
1396 2844 1485 2907 58,
1507 2843 1574 2903 5,·
1615 2840 1737 2891 Tac.
1774 2857 1824 2892 a.
1847 2843 1894 2902 6,
1920 2842 2038 2904 23).

37 3112 171 3177 Μ.
211 3094 533 3178 μαίων)
560 3087 705 3168 bsti-
1394 3084 1661 3161 pontifex
1707 3083 1994 3142 maximus
2040 3101 2159 3143 cos.
2206 3081 2310 3143 ΧΙΙ

33 3184 850 3283 ΜΜΙΙΙΜἯῚ-ῧῦἳ.
1251 3183 1527 3245 tribunic.
1576 3191 1848 3262 potestat.
1894 3183 2059 3244 x1x²
2109 3184 2249 3263 imp.
2296 3184 2454 3245 xlm

1330 3285 1487 3346 rivos
1532 3304 1813 3364 aquarum
1862 3286 2126 3346 omnium
2175 3287 2380 3347 refecit

760 3407 906 3485 lmp.
955 3404 1116 3465 Caes.
1165 3405 1240 3465 Μ.
1288 3406 1582 3466 Aurellius
1624 3407 1967 3467 Antoninus
2012 3407 2152 3467 Pius
2196 3406 2329 3466 felix
2376 3408 2523 3487 Aug.
2571 3407 2766 3468 Parth.
2813 3427 2961 3469 max.

1279 3507 1423 3568 Brit.
1470 3508 1790 3569 maximus²
1834 3509 2101 3588 pontifex
2146 3509 2432 3570 maximus

575 3629 786 3690 aquam
818 3610 1094 3670 Marciam
1124 3610 1296 3671 variis
1324 3609 1565 3671 kasibus
1595 3610 1951 3689 impeditam,
1998 3619 2248 3689 purgato
2282 3612 2464 3684 fonto,
2496 3612 2706 3672 excisis
2736 3622 2796 3673 et
2826 3614 3137 3692 perforatis

689 3712 1010 3783 montibnS‚
1056 3713 1324 3773 restituta
1371 3714 1577 3785 forma,
1624 3712 1915 3791 adquisito
1962 3714 2138 3775 etiam
2184 3714 2348 3775 fonte
2401 3732 2552 3774 novo
2598 3715 3024 3789 Antoniniano‚

1092 3815 1152 3875 in
1198 3833 1421 3875 sacram
1470 3814 1674 3874 urbem
1722 3833 1886 3875 suam
1934 3814 2370 3894 perducendam
2416 3817 2637 3876 curavit

883 3934 1029 4013 Imp.
1076 3934 1244 3995 Titus
1289 3933 1501 3994 Caesar
1544 3935 1655 3994 divi
1702 3936 1743 3995 f.
1788 3934 2180 4014 Vespasianus
2225 3939 2372 4014 Aug.
2421 3937 2632 4014 pontif.
2677 3955 2828 3996 max.

732 4035 1083 4097 tribuniciae
1126 4044 1401 4115 potestat.
1447 4036 1523 4096 lx
1570 4037 1709 4115 imp.
1755 4036 1853 4097 XV
1901 4056 2063 4098 cens.
2111 4057 2232 4099 cos.
2264 4036 2364 4097 Vll
2412 4037 2594 4118 desig.
2646 4038 2785 4099 HX'
2830 4059 2889 4119 p.
2920 4059 2976 4119 p.

1048 4138 1232 4198 rivom
1279 4156 1463 4217 aquae
1510 4139 1758 4199 Marciae
1801 4148 2087 4201 vetustate
2133 4140 2419 4219 dilapsum
2467 4141 2676 4201 refecit

1100 4250 1160 4301 et
1201 4259 1411 4320 aquam
1460 4258 1609 4319 quae
1655 4241 1715 4301 iu
1763 4245 1876 4302 usu
1922 4260 2049 4302 esse
2093 4242 2345 4302 desierat
2392 4241 2623 4304 reduxit

744 4339 940 4391 Romae
975 4343 1035 4390 in
1075 4355 1210 4391 arcu
1245 4355 1416 4405 aquae
1451 4340 1703 4404 Marciae,
1737 4357 1904 4406 snpra
1939 4343 2081 4391 viam
2124 4341 2487 4406 Tiburtinam,
2525 4359 2631 4408 quo
2667 4358 2800 4393 arcu
2831 4346 3015 4408 postea
3051 4345 3141 4393 usi

573 4429 715 4490 sunt,
751 4441 871 4476 cum
904 4428 1115 4476 moenia
1151 4426 1440 4476 Aureliani
1472 4424 1679 4489 fierent,
1715 4425 1789 4475 ad
1822 4425 2126 4487 faciendam
2160 4431 2379 4491 portam
2414 4429 2565 4478 urbis
2604 4427 2653 4478 Τ
2648 4431 2958 4492 ihrer-tinam,
2995 4443 3141 4478 nunc

579 4511 627 4559 S.
672 4510 956 4560 Laurentii
990 4511 1186 4561 dictam
1230 4510 1338 4571 (VI
1371 4510 1588 4575 124416).
1628 4539 1689 4548 -
1735 4514 1782 4575 1)
1816 4512 1881 4561 A.
1916 4511 2111 4577 749150.
2149 4540 2211 4548 -
2252 4514 2300 4574 2)
2340 4514 2405 4563 Α.
2432 4512 2535 4564 212
2572 4518 2669 4563 aut
2692 4512 2814 4576 213,
2849 4528 2969 4563 cum
3008 4512 3138 4564 Geta

573 4591 1041 4647 memoraturum
1074 4598 1162 4657 sit,
1200 4597 1296 4661 qui
1330 4597 1529 4646 occidit
1552 4613 1600 4646 a.
1625 4596 1746 4656 212,
1784 4600 1835 4646 et
1870 4596 2005 4645 desit
2039 4611 2304 4660 agnomen
2338 4597 2659 4664 Germanici,
2697 4598 3010 4649 Carae-allae
3046 4602 3142 4649 tri·

575 4681 760 4729 butum
794 4695 939 4730 armo
971 4681 1093 4733 215.
1136 4709 1203 4719 -
1241 4680 1293 4742 3)
1328 4682 1392 4732 Α.
1425 4682 1504 4733 79.
