3432 5387
563 385 686 445 102
1698 382 1883 450 Caput
1918 380 1987 434 11.

447 570 514 621 10
730 559 1102 636 Quamquam
1130 556 1502 636 Tyranorum
1538 554 1739 615 civitas
1786 554 2089 631 oreginem
2130 553 2140 635 Ι
2179 542 2297 615 liati
2345 553 2616 615 beneficii
2665 573 2786 616 non
2835 555 3141 627 ostendat,

562 680 675 722 nec
721 659 888 721 facile
935 677 1086 738 quae
1123 656 1135 740 Ι
1173 676 1282 738 per
1325 674 1591 718 errorem
1637 667 1738 717 aut
1782 656 2078 717 licentiam
2127 665 2407 736 usurpata
2434 666 2594 730 sunt,
2640 654 3141 739 praefscriptione

559 761 847 841 temporis
893 762 1345 832 confirmentur,
1391 768 1610 832 tamen,
1656 760 1938 838 quoniam
1985 758 2098 819 divi
2130 759 2419 820 Antonini
2465 760 2729 838 parentis
2774 760 3141 823 nostri²1it-

457 877 514 928 15
560 863 734 945 tetras
778 863 882 926 sed
928 872 987 924 et
1032 864 1279 924 fratrum
1326 860 1789 942 imperatorum⁸
1835 860 2182 940 cogitamus,
2228 861 2367 922 item
2407 859 2418 941 Ι
2455 862 2701 923 Antonii
2744 861 2948 924 Hiberi
2993 881 3140 941 gra-

557 965 777 1028 vissimi
822 966 1128 1044 praesidis,
1175 963 1335 1043 quod
1380 963 1590 1025 attinet
1628 960 1640 1043 Ι
1677 962 1750 1024 ad
1795 963 1956 1043 ipsos
1989 962 2256 1041 Tyranos
2300 962 2523 1042 quique
2567 962 2639 1023 ab
2686 965 2757 1026 iis
2800 963 3143 1026 secundum

559 1069 722 1147 leges
761 1064 771 1148 Ι
810 1085 1019 1128 eorum
1064 1067 1126 1128 in
1175 1084 1490 1127 numerum
1537 1065 1752 1126 civium
1798 1064 2092 1143 adsumpti
2137 1075 2296 1139 sunt,
2343 1084 2413 1137 ex
2459 1063 2728 1147 prilstino
2772 1084 2938 1127 more
2984 1065 3146 1126 nihil

558 1169 775 1231 mutari
831 1169 1122 1231 volumus.
1212 1167 1530 1228 Retineant
1579 1163 1590 1248 Ι
1642 1167 1820 1246 igitur
1880 1184 2114 1245 quaqua
2168 1167 2399 1228 ratione
2455 1168 2781 1247 quaesitam
2827 1167 2947 1229 sive
2990 1185 3148 1246 pos-

457 1284 517 1335 20
561 1291 786 1335 sessam
822 1268 833 1353 Ι
874 1270 1162 1351 privilegii
1207 1287 1476 1343 causam,
1533 1269 1594 1330 in
1652 1268 2122 1348 promercalibus
2166 1287 2404 1348 quoque
2447 1268 2672 1351 re2buS‚
2732 1287 2878 1348 quas
2931 1277 3145 1329 tamen

561 1375 815 1456 pristino
873 1392 1041 1434 more
1098 1371 1571 1452 professionibus
1618 1369 1629 1451 Ι
1681 1372 1751 1431 ad
1812 1371 2204 1433 discernenda
2268 1372 2543 1433 munifica
2608 1371 3145 1432 mercimoniorum

563 1473 841 1558 edenldas
902 1493 1031 1536 esse
1088 1474 1489 1535 meminerint.
1579 1472 1697 1533 Sed
1756 1491 1889 1534 cum
1939 1473 2153 1555 Illyrici
2210 1474 2502 1535 sructum⁴
2541 1472 2551 1551 Ι
2589 1492 2697 1553 per
2749 1472 3146 1533 ambitionem

458 1590 516 1641 25
564 1578 830 1639 deminui
862 1596 982 1638 non
1020 1585 1306 1656 oporteat,
1352 1575 1542 1636 sciant
1577 1573 1589 1657 Ι
1628 1594 1750 1651 eos,
1797 1576 1898 1655 qui
1928 1576 2174 1656 posthac
2206 1575 2428 1637 suerint
2469 1575 2783 1656 adsumpti,
2829 1576 3091 1636 fructum
3128 1576 3137 1653 Ι

563 1679 954 1741 immunitatis
998 1678 1076 1739 ita
1121 1678 1359 1738 demum
1404 1676 1740 1751 babituros,
1800 1678 1847 1738 si
1906 1696 2009 1739 eos
2053 1679 2278 1757 legatus
2315 1676 2325 1759 Ι
2365 1687 2425 1738 et
2467 1678 2691 1738 amicus
2735 1686 2940 1737 noster
2978 1694 3032 1735 v.
3081 1695 3145 1737 c.

566 1783 695 1844 iure
741 1781 989 1843 civitatis
1033 1780 1248 1858 dignos
1301 1799 1461 1851 esse,
1519 1776 1776 1861 delereto
1838 1780 2327 1859 pronuntiaverit.
2428 1779 2592 1850 Quos
2645 1779 2942 1841 credimus
2994 1779 3145 1839 satis

461 1895 521 1945 30
567 1881 979 1967 albundequae
1024 1889 1148 1951 (sie)
1198 1880 1310 1943 sibi
1358 1881 1729 1954 consultum,
1788 1882 1835 1942 si
1893 1883 2042 1962 grati
2103 1882 2353 1956 suerint,
2415 1881 2895 1959 existimaturos,
2953 1881 3142 1959 quod,

567 1986 797 2065 origine
842 1984 1118 2046 beneficii
1166 2003 1287 2045 non
1336 1979 1633 2066 quaesilta,
1679 1983 1895 2063 dignos
1939 1985 2171 2046 honore
2215 1984 2370 2044 cives
2413 1984 2542 2044 fieri
2587 1982 3088 2063 praeceperimus,
3128 1980 3140 2064 Ι

732 2079 1062 2160 Ὀουῒνιος
1114 2082 1515 2164 Timui-209⁸
1569 2078 1846 2166 ἄρχουσι
1899 2086 2107 2172 βουλῇ
2163 2083 2368 2170 δήΙμῳ
2427 2085 2743 2167 Τυρανῶν
2794 2089 3074 2168 χαίρειν.
3128 2085 3137 2167 Ι

467 2199 524 2249 35
563 2180 1020 2273 ’Λντίγραφον
1050 2187 1184 2250 τῶν
1213 2188 1428 2250 θείων
1455 2184 1881 2271 γραμμάτων,
1916 2186 2390 2276 πεμΙφθέντων
2418 2210 2537 2269 μοι
2564 2180 2699 2251 ὑπὸ
2732 2188 2865 2251 τῶν
2892 2190 3144 2269 κυρίων

569 2284 759 2376 ἡμῶν
807 2280 1186 2372 ἇνειΙκήτων
1227 2288 1341 2352 καὶ
1387 2277 1874 2369 εὐτυχεστάτων
1922 2281 2443 2374 αὐτοκρατόρων,
2483 2287 2493 2368 Ι
2532 2285 2795 2364 τούτοις
2835 2311 2965 2369 μου
2995 2298 3145 2363 τοῖς

572 2390 957 2478 γράμμασιν
1001 2386 1361 2474 προέταξα,
1415 2379 1624 2472 ὅΙπως
1665 2387 1931 2473 γνόντες
1974 2388 2093 2477 τὴν
2135 2394 2339 2456 θείαν
2383 2388 2481 2467 εἰς
2521 2385 2695 2472 ὑμᾶς
2737 2387 3144 2474 μεγαλοΙόω·

469 2506 526 2555 40
574 2499 726 2579 ρίαν
781 2494 865 2579 τῇ
919 2487 1168 2577 μεγάλῃ
1225 2481 1445 2555 αὐτῶν
1497 2488 1655 2575 τύχῃ
1716 2482 2268 2580 εὖχαριστήΙσητε.
2361 2484 2742 2580 Ἐῤῥιῦσθαι
2795 2486 2972 2574 ὑμᾶς
3028 2492 3145 2556 καὶ

575 2587 865 2675 εὐτυχεῖν
908 2593 1208 2675 πολΙλοῖς
1252 2590 1469 2658 ἔτεσιν
1516 2587 1811 2674 εὔχομαι.

740 2690 1096 2783 'AacM-972
1147 2691 1279 2781 πρὸ
1323 2695 1332 2778 Ι
1389 2693 1469 2781 ιγ’
1529 2695 1875 2761 καλανδῶν
1921 2701 2273 2778 ΠΙαρτίων,
2324 2697 2720 2782 Ληνεῶνος“
2765 2692 2847 2782 η’.
2896 2692 2907 2776 Ι
2951 2684 3146 2762 'Ave-

577 2798 801 2886 πάθη
865 2796 982 2864 ἐπὶ
1040 2800 1436 2864 Μουκιανοῦ
1493 2800 1607 2864 καὶ
1671 2801 2019 2881 Φαβιανοῦ
2076 2791 2390 2862 ὑπόπτων7
2452 2795 2520 2863 ἐν
2574 2799 2671 2882 τῷ
2728 2799 2847 2883 {Ep
2895 2796 3085 2877 ἕτεϋ,
3129 2795 3141 2881 Ι

471 2914 529 2963 45
575 2893 780 2989 ἀρχῆς
823 2905 913 2965 Π.
958 2897 1214 2965 Αἰλίου
1259 2900 1757 2983 Καλπουρνίου.

748 2999 875 3066 Hep.
912 3005 971 3051 in
1005 3005 1128 3066 ripa
1164 3003 1407 3063 fluminis
1447 3000 1837 3068 Tyr-aelliodie
1861 3001 2133 3065 Dniestr),
2180 3002 2295 3052 loco
2341 3003 2405 3051 ab
2442 3000 2747 3065 Akerman,
2793 3002 2888 3050 ubi
2932 3000 3149 3051 videtur

576 3085 746 3148 fuisse
770 3088 960 3135 ciuitas
990 3085 1177 3153 Tyras,
1213 3087 1551 3150 aliquantum
1576 3086 1826 3152 distante,
1856 3091 1933 3137 est
1960 3086 2181 3137 Odessae
2207 3086 2455 3146 (111784;
2486 3085 2801 3152 Latyscltew
2824 3087 2991 3137 inser.
3019 3101 3150 3136 orae

575 3175 826 3236 septentr.
853 3171 1013 3221 Ponti
1034 3170 1180 3221 Euoe.
1207 3170 1239 3220 1
1259 3187 1311 3235 p.
1337 3171 1399 3222 40
1426 3171 1530 3221 tab.
1558 3171 1625 3235 I).
1687 3172 1968 3236 Leguntur
1990 3175 2049 3222 in
2074 3174 2174 3223 Ιιαε
2199 3170 2379 3222 tabula
2413 3170 2671 3237 epistulae
2696 3172 2882 3222 Severi
2905 3176 2958 3222 et
2983 3172 3147 3223 Cara·

579 3256 750 3306 callae
797 3254 1177 3316 confirmantes
1222 3257 1615 3305 immunitatem
1660 3273 1694 3306 a
1732 3259 1998 3322 portoriis
2033 3256 2130 3319 (cll
2166 3261 2276 3307 not.
2305 3258 2389 3320 4),
2433 3272 2539 3322 qua
2582 3254 2629 3306 Τ
2621 3258 2791 3323 yram*
2835 3255 3148 3321 luebantur,

576 3345 735 3409 prior
770 3341 1026 3406 acephala
1062 3341 1240 3390 neseio
1278 3339 1353 3390 ad
1386 3353 1538 3404 quem
1573 3345 1793 3406 scripta,
1830 3341 2004 3392 altera
2039 3343 2244 3407 scripta
2269 3340 2343 3391 ad
2369 3340 2696 3391 Heraclitum
2735 3339 2992 3403 (fortasse
3020 3359 3149 3409 pro·

579 3430 941 3490 curatorem),·
975 3427 1220 3490 sequitur
1256 3424 1487 3489 epistula
1525 3424 1693 3490 legati
1726 3428 2043 3492 provinciae
2075 3425 2306 3477 Moesiae
2329 3422 2613 3485 inferioris
2645 3426 2720 3476 ad
2747 3426 3007 3495 Tyr-anos,
3044 3445 3149 3494 qua

579 3515 654 3561 eis
678 3513 942 3576 rescripta
966 3512 1354 3573 imperatorum
1391 3513 1724 3562 transmittit.
1750 3541 1813 3549 —
1847 3515 1894 3576 1)
1919 3512 2254 3577 Principium
2286 3513 2493 3576 prioris
2526 3510 2797 3576 epistulae,
2835 3512 2909 3562 ad
2940 3528 3149 3562 sensum

576 3593 710 3658 fere,
750 3593 988 3659 explevit
1020 3594 1125 3645 Mo.
1162 3623 1230 3631 —
1266 3596 1318 3654 2)
1355 3594 1697 3659 Intellegitur
1735 3596 1876 3647 Pius.
1917 3624 1974 3632 —
2015 3597 2066 3659 3)
2102 3595 2319 3646 Marcus
2354 3600 2406 3646 et
2443 3594 2631 3648 Verus.
2670 3625 2734 3634 —
2781 3600 2832 3662 4)
2867 3597 3151 3664 Illyricum

579 3680 957 3745 appellabatur
999 3679 1231 3742 vectigal
1268 3682 1512 3745 portarii
1550 3683 1962 3745 provinciarum
2008 3683 2224 3745 imperii
2262 3678 2492 3730 Romani
2526 3681 2977 3733 Danuvianarum
3026 3689 3153 3734 teste

578 3766 831 3829 Appiano
868 3763 1021 3830 Illyr.
1055 3767 1104 3829 6,
1140 3764 1370 3814 conlatis
1405 3768 1849 3831 inscriptionibus
1885 3766 2279 3831 complut-ibin,-
2320 3764 2391 3825 cll
2428 3764 2749 3831 Marqicardt
2797 3768 3029 3820 Staatsr.
3067 3768 3153 3820 11²

577 3849 694 3900 274.
728 3850 847 3900 275.
910 3848 1065 3911 Quod
1098 3850 1355 3899 immunes
1390 3847 1616 3908 fuer-tent
1651 3854 1715 3901 ab
1755 3854 1854 3901 hoe
1887 3853 2159 3916 portorio,
2208 3854 2325 3900 sine
2371 3851 2532 3901 dubio
2575 3851 2780 3919 Tyr-ani
2813 3856 3154 3905 retinuerant

581 3949 652 3983 ea:
688 3934 1015 3996 temporibus
1050 3935 1242 3999 quibus
1277 3933 1514 3984 nondum
1550 3932 1806 3985 Romanis
1852 3936 2081 3997 suerunt
2113 3937 2340 3985 subiecti
2375 3935 2471 3998 (cll
2509 3953 2645 4002 quae
2680 3939 2804 3988 dia-i
2836 3939 3012 3990 Herm.
3053 3940 3154 3991 vol.

578 4019 660 4078 19,
685 4019 830 4082 530).
879 4046 945 4055 —
994 4021 1045 4083 5)
1085 4018 1305 4068 Ovinius
1345 4018 1613 4069 Tertullus
1654 4019 1861 4084 legatus
1908 4019 2022 4080 suit
2061 4023 2377 4086 provinciae
2410 4020 2643 4074 Moesiae
2676 4022 2962 4083 inferioris
2997 4026 3149 4091 (Εἰς.

578 4106 660 4166 49,
697 4105 778 4167 15,
800 4106 860 4166 9,·
896 4103 1128 4154 miliarii
1162 4102 1383 4154 Moesici
1419 4102 1505 4155 ΙΙΙ
1537 4103 1592 4155 S.
1627 4104 1994 4171 7602-7604).
2034 4134 2096 4142 —-
2134 4108 2184 4169 6)
2221 4106 2416 4158 Mensis
2450 4125 2582 4159 anm
2616 4110 2839 4175 Milesii,
2888 4127 2992 4176 quo
3042 4118 3153 4162 ute-

584 4191 783 4239 bantur
824 4185 1031 4254 Tyrani
1067 4192 1252 4255 utpote
1300 4188 1478 4239 coloni
1512 4189 1863 4242 Milesiorum.
1916 4219 1975 4229 -
2026 4194 2076 4254 7)
2113 4190 2173 4241 {7
2207 4190 2366 4244 Febr.
2400 4193 2517 4245 204.
2553 4223 2619 4232 —
2657 4197 2708 4258 8)
2743 4197 2933 4247 Annus
2971 4197 3164 4249 CXLV

584 4289 744 4324 aerae
796 4271 843 4322 T
836 4288 1057 4339 yranae.
1128 4273 1468 4338 Intellegitur
1516 4290 1584 4324 ea:
1619 4275 1719 4324 Ιιοσ
1765 4276 1923 4326 titulo
1972 4280 2021 4324 et
2068 4292 2137 4325 ex
2184 4275 2380 4341 altero,
2429 4294 2581 4344 quem
2628 4280 2797 4330 edidit
2838 4280 3152 4348 Latyscltew

584 4361 744 4409 inser.
785 4372 912 4408 orae
947 4361 1202 4423 septentr.
1240 4359 1396 4409 Ponti
1420 4359 1634 4409 Euxini
1670 4360 1699 4409 1
1726 4376 1781 4426 p.
1806 4363 1856 4424 ὅ,
1900 4359 1947 4410 T
1940 4377 2144 4427 yranos
2180 4377 2350 4413 annos
2382 4379 2686 4415 numerasse
2721 4366 2788 4415 ab
2825 4383 2875 4416 a.
2913 4370 3010 4432 qui
3042 4365 3155 4428 suit

533 4467 554 4490 φ
584 4459 637 4508 p.
677 4443 729 4493 0.
762 4443 844 4493 57.
902 4442 1171 4494 Videntur
1205 4457 1267 4492 eo
1304 4459 1446 4494 anno
1482 4447 1705 4510 imperio
1744 4444 1981 4496 Romano
2018 4448 2268 4498 accesisse
2304 4445 2401 4509 (cs.
2426 4448 2690 4514 Borghesi
2724 4466 2845 4516 opp.
2867 4453 2903 4501 8
2930 4466 2987 4517 p.
3013 4454 3156 4514 427).

758 4624 888 4695 424
954 4631 1095 4709 imp.
1144 4630 1306 4690 Caes.
1353 4630 1467 4691 divi
1514 4630 1589 4690 Μ.
1637 4632 1925 4692 Antonini
1974 4632 2059 4692 Pii
2105 4633 2301 4694 Germ.
2349 4635 2539 4696 Sarm.
2586 4636 2772 4709 filius,
2819 4638 2933 4700 divi
2982 4640 3153 4701 Com·

589 4730 748 4793 modi
808 4731 1019 4801 frater,
1079 4731 1194 4791 divi
1238 4732 1526 4793 Antonini
1574 4733 1658 4791 Pii
1706 4752 1865 4812 nep„
1924 4734 2037 4795 divi
2087 4734 2368 4798 Hadriani
2425 4756 2698 4818 pronep.,
2758 4741 2872 4801 divi
2919 4742 3156 4804 Traiani
