3432 5387
626 365 800 422 Tituli
834 366 1202 423 ministrorum
1243 367 1434 422 domus
1476 371 1764 438 Augustae
1803 370 2140 425 condicionis
2173 371 2463 427 libertinae
2498 379 2555 429 et
2590 375 2815 430 servilis.
2878 373 3002 433 359

615 537 784 611 1776
849 542 911 603 C.
973 542 1119 603 lulio
1166 541 1492 622 Chrysanto
1533 539 1543 623 Ι
1578 539 1677 626 <et
1729 543 1793 604 P.
1840 543 2040 605 Aelius
2083 544 2233 624 Aug.
2291 545 2391 607 lib.
2436 546 2772 626 Eutychus,
2830 568 3004 628 prae-

441 644 672 725 positus
716 644 922 705 veleris
962 641 972 726 Ι
1010 642 1429 717 castrensibus,
1477 644 1616 704 fecit
1660 653 1721 704 et
1763 644 1873 705 sibi
1921 654 1980 706 et
2021 645 2144 707 suis
2187 647 2560 727 posterisque
2606 647 2887 733 eorum>.²

616 747 678 808 C.
708 745 858 806 Iulio
890 746 1214 827 Chrysanto
1248 739 1257 826 Ι
1291 744 1523 807 aedituo
1569 745 1780 825 collegi
1825 743 2497 830 tabernalclarioriorum
2530 756 2656 823 (sic)
2700 750 3004 832 donatlum

439 848 549 909 sibi
597 848 796 909 locum
843 866 1021 926 quem
1064 844 1229 928 peltit
1274 847 1375 907 ar'
1418 847 1745 928 Trophimo
1792 848 2060 924 inmune,
2106 868 2282 928 quem
2326 850 2497 914 iussit
2540 852 2639 911 sa’
2681 854 2937 932 pecunia
2986 851 2998 937 Ι

440 951 635 1010 facere
679 949 792 1010 sibi
837 957 896 1010 et
940 949 1102 1009 fieis⁴
1145 947 1267 1009 suis
1306 944 1316 1028 Ι
1355 956 1414 1008 et
1456 948 1716 1027 coniugi.

607 1047 806 1100 Romae
850 1051 911 1098 in
945 1048 1125 1099 eodem
1161 1047 1489 1098 columbario
1524 1051 1582 1098 in
1618 1063 1724 1113 quo
1759 1048 1828 1101 Ν.
1863 1051 2022 1115 1588,
2070 1053 2129 1101 in
2164 1050 2407 1102 aedicula
2444 1051 2676 1117 quadam
2725 1052 2834 1118 (VJ
2860 1053 2997 1106 8483

436 1135 577 1184 vidit
610 1133 868 1200 Henzen).
916 1162 983 1171 —
1030 1136 1078 1197 1)
1119 1134 1292 1185 Verba
1328 1135 1483 1183 uncis
1519 1134 1726 1184 inclusa
1771 1139 1950 1186 aetate
1976 1137 2277 1202 poster-tore
2314 1138 2487 1187 incisa
2532 1140 2673 1188 sunt.
2710 1165 2777 1175 -
2826 1139 2876 1202 2)
2913 1139 3003 1189 In-

437 1220 653 1283 tellege:
689 1219 771 1282 ab,
809 1221 860 1281 3)
897 1233 1005 1283 sua,
1040 1220 1092 1280 4)
1128 1216 1297 1271 filicis,

607 1352 775 1422 1777
841 1375 915 1416 ex
969 1356 1146 1416 donno
1193 1355 1507 1417 Caesarum
1546 1353 1555 1437 Ι
1596 1356 1862 1419 libertor.
1922 1366 1981 1417 et
2035 1375 2257 1420 servor.
2298 1357 2308 1440 Ι
2349 1357 2505 1437 quod
2565 1370 2653 1421 est
2711 1360 2921 1442 collegi
2984 1361 2994 1444 Ι

436 1457 1017 1519 tabernaclariorum.

606 1556 803 1608 Romae
835 1574 947 1624 rep.
984 1563 1045 1609 ut
1077 1558 1293 1608 videtur
1324 1557 1397 1608 ad
1428 1560 1573 1609 viam
1608 1560 1857 1624 Appiam,
1892 1556 2126 1618 fortasse
2158 1561 2235 1609 ibi
2268 1561 2363 1609 ubi
2397 1558 2463 1610 Ν.
2497 1559 2606 1625 447,
2641 1576 2785 1611 nune
2822 1562 2996 1612 Bono-

433 1644 557 1691 niae
610 1642 714 1706 (VI
753 1645 888 1695 9055
936 1642 1005 1704 cf.
1043 1644 1318 1695 Bet-mann
1372 1644 1518 1694 arch.
1567 1660 1645 1710 ep.
1692 1643 1868 1696 Macte.
1904 1644 1988 1707 45,
2023 1644 2152 1695 4890
2196 1661 2249 1710 p.
2284 1643 2412 1706 4{0;
2456 1646 2651 1695 similis
2696 1650 2773 1696 est
2806 1646 2997 1697 titulus

435 1726 518 1778 ν]
544 1729 766 1791 90550).

607 1861 775 1934 1778
841 1863 903 1924 C.
952 1863 1134 1925 lulius
1179 1863 1291 1924 divi
1339 1865 1487 1942 Aug.
1544 1865 1583 1925 l.
1625 1861 1635 1947 Ι
1675 1864 1926 1926 Cozmus
1972 1870 2098 1937 (sic)
2158 1866 2484 1945 speclaria.²
2524 1866 2535 1949 Ι
2575 1867 2993 1948 Agrippianus,

432 1968 529 2030 hic
576 1968 722 2029 situs
768 1975 875 2027 est.
916 1966 925 2050 Ι
968 1966 1028 2027 C.
1076 1965 1258 2027 lulius
1304 1965 1499 2027 Cosmi
1545 1965 1582 2026 1.
1622 1963 1633 2046 Ι
1674 1965 1947 2028 Sabinus.

603 2066 799 2118 Romae
844 2069 902 2116 in
947 2065 1128 2116 eodem
1173 2065 1500 2116 columbario
1551 2067 1611 2116 in
1659 2082 1763 2131 quo
1811 2065 1879 2117 Ν.
1917 2066 2048 2118 1588
2096 2065 2200 2131 (VI
2241 2068 2382 2118 5202
2427 2067 2571 2119 vidit
2616 2068 2873 2135 Henzen).
2921 2094 2993 2108 —

435 2155 484 2218 1)
522 2153 774 2204 Eiusdem
811 2150 986 2202 Cosmi
1017 2150 1396 2216 specular-zarin·
1429 2154 1508 2200 est
1542 2149 1736 2200 titulus
1770 2151 1950 2200 eodem
1988 2151 2103 2201 loce
2140 2157 2332 2203 extans
2369 2152 2417 2204 V
2421 2153 2449 2202 1
2475 2155 2633 2206 5203.

601 2285 771 2357 1779
838 2289 925 2350 dis
969 2288 1187 2349 manib.
1229 2289 1237 2365 Ι
1278 2287 1368 2347 Ti.
1400 2287 1673 2349 Claudius
1704 2287 2012 2368 Epictetus
2054 2285 2475 2376 praeposit[us]
2515 2288 2526 2372 Ι
2564 2289 2995 2370 speclariarior.

427 2393 642 2455 domus
689 2390 1018 2466 Palatinar.‚
1070 2388 1081 2472 Ι
1121 2401 1180 2452 et
1240 2389 1477 2450 Claudia
1534 2389 1824 2469 Aphrosia
1869 2391 2089 2452 coiunx
2132 2391 2288 2464 eius,
2329 2389 2340 2470 Ι
2395 2391 2633 2453 Claudio
2689 2391 2989 2454 Set-vando

428 2496 508 2555 fil.
559 2496 849 2566 fecerunt,
895 2493 1034 2553 vixit
1079 2511 1221 2554 ann.
1266 2491 1422 2551 xvll
1467 2511 1658 2553 mens.
1706 2491 1807 2566 111,
1850 2493 1859 2566 Ι
1898 2493 2037 2554 item
2080 2492 2182 2553 lib.
2238 2492 2624 2573 libertabusq.
2673 2494 2990 2574 posterisq.

427 2590 700 2682 [eorum].
741 2594 750 2675 Ι
791 2594 964 2665 Quod
1007 2594 1057 2655 si
1102 2594 1418 2667 desierint,
1475 2602 1601 2655 tum
1660 2594 2027 2656 discentibus
2070 2594 2437 2673 speclariaris
2484 2590 2732 2679 [domus]
2770 2594 2780 2677 Ι
2822 2596 2989 2657 Pala·

424 2700 727 2761 tinarum.¹

595 2798 792 2850 Romae
829 2797 938 2864 (VI
964 2798 1097 2848 8659
1121 2796 1258 2846 vidit
1282 2796 1512 2862 Henzen,
1535 2799 1598 2847 in
1617 2800 1778 2863 parte
1800 2812 1988 2847 aversa
2014 2801 2169 2847 extat
2190 2796 2380 2847 titulus
2400 2797 2717 2862 sepulcralis
2751 2798 2987 2849 aliorum

423 2883 742 2949 hominum).
768 2910 835 2920 -
873 2884 922 2947 1)
951 2881 1138 2934 Volut‘t
1161 2882 1340 2932 dicere
1362 2882 1657 2947 Epictetus,
1692 2883 1743 2930 si
1778 2880 2071 2946 aliquando
2094 2881 2236 2933 nulli
2258 2886 2429 2932 essent
2450 2898 2519 2932 ex
2540 2898 2640 2932 sua
2665 2881 2838 2944 domo,
2876 2888 2988 2934 tum

419 2967 726 3033 sepulerum
755 2970 1035 3032 pertinere
1070 2967 1260 3017 debere
1296 2966 1371 3017 ad
1402 2966 1660 3017 discentes
1695 2968 1810 3016 eius
1847 2970 2024 3017 coetus
2060 2970 2148 3017 cui
2180 2970 2294 3033 ipse
2320 2969 2663 3033 praepositus
2697 2964 2897 3027 fuerat.

597 3101 768 3172 1780
831 3104 887 3165 d.
932 3124 1010 3165 m.
1050 3104 1319 3185 {Falanx
1357 3101 1367 3185 Ι
1404 3104 1547 3164 vixit
1603 3123 1699 3165 an.
1745 3103 1882 3179 XX,
1934 3101 2252 3187 {Araps¹l
2304 3104 2531 3168 Caesar.
2595 3126 2654 3166 n.
2710 3125 2823 3167 ser.
2864 3104 2986 3188 {ex

429 3205 745 3287 peculiaris
784 3204 794 3288 Ι
831 3205 1183 3286 lampadaris
1219 3205 1230 3288 Ι
1270 3206 1436 3266 fratri
1479 3206 1538 3266 b.
1584 3225 1660 3266 m
1705 3206 1714 3286 Ι
1754 3206 1912 3267 fecit.

592 3304 789 3357 Romae
834 3306 944 3372 (VI
981 3308 1116 3358 8868
1165 3306 1301 3356 υἰᾰίἰ
1345 3307 1599 3370 Henzen).
1647 3334 1715 3343 —
1769 3309 1816 3368 1)
1860 3305 2003 3356 Idem
2051 3307 2230 3371 Araps
2266 3310 2450 3371 posuit
2498 3310 2720 3372 coniugi
2767 3308 2985 3358 tilulum

422 3391 504 3443 V!
532 3394 678 3444 8869.

591 3508 760 3579 1781
829 3514 1130 3573 Amoenus
1179 3511 1188 3591 Ι
1239 3510 1606 3573 Messallinae
1644 3509 1654 3592 Ι
1693 3510 1784 3571 Ti.
1837 3510 2036 3572 Claudi
2093 3510 2355 3572 Caesaris
2404 3509 2414 3592 Ι
2466 3510 2539 3571 ab
2597 3512 2986 3576 ornamentis.

592 3611 792 3663 Romae
825 3628 953 3678 rep„
987 3616 1066 3662 est
1099 3612 1315 3663 Pisauri
1350 3611 1455 3677 (VI
1484 3613 1621 3663 8952
1656 3610 1798 3661 vidit
1830 3609 2150 3678 Bor-mann).

593 3748 763 3820 1782
825 3750 882 3811 d.
929 3769 1006 3811 m.
1045 3750 1054 3830 Ι
1095 3749 1162 3811 Τ.
1211 3750 1295 3812 Fl.
1342 3752 1491 3828 Aug.
1546 3748 1648 3810 lib.
1688 3746 1699 3832 Ι
1742 3749 2171 3829 Parthenopaei
2209 3752 2221 3827 Ι
2261 3749 2589 3834 Poppeani‚
2650 3751 2910 3812 eunuchi
2966 3746 2979 3837 Ι

419 3851 496 3913 ab
543 3853 921 3926 ornamentis,
961 3853 972 3931 Ι
1012 3852 1121 3913 vix.
1168 3872 1309 3913 ann.
1341 3851 1564 3926 LXXV,
1604 3849 1614 3933 Ι
1653 3850 1722 3912 Τ.
1768 3850 1855 3911 ΡΙ.
1887 3851 2257 3931 Nicephorus
2294 3851 2304 3933 Ι
2344 3852 2445 3915 lib.
2490 3862 2743 3933 patrono
2790 3851 2982 3937 sancl-

422 3954 646 4017 tissimo
692 3965 753 4016 et
794 3954 1028 4034 pientis.
1069 3953 1079 4035 Ι
1118 3953 1526 4016 benemerenti
1564 3953 1575 4037 Ι
1614 3954 1772 4015 fecit.

591 4052 788 4107 Romae
820 4059 878 4105 in
913 4070 1092 4105 museo
1128 4054 1396 4106 Vaticano
1433 4054 1538 4120 (VI
1568 4053 1743 4120 8954).

589 4188 759 4260 1783
824 4192 880 4252 (1.
911 4210 990 4252 m.
1029 4193 1040 4272 Ι
1081 4192 1394 4274 Chrysaori
1424 4196 1571 4270 Aug.
1615 4190 1741 4264 lib„
1785 4190 2036 4252 adiutori
2074 4188 2088 4273 Ι
2126 4210 2157 4252 a
2200 4192 2618 4255 commentaris
2661 4210 2979 4254 ornamen-

419 4302 635 4369 torum,
669 4290 679 4378 Ι
712 4294 832 4355 filio
868 4295 1152 4374 piissimo,
1185 4295 1288 4374 qui
1325 4294 1469 4356 vixit
1508 4313 1650 4356 ann.
1682 4293 1891 4354 XXVII
1925 4295 1934 4376 Ι
1966 4313 2044 4354 m.
2071 4294 2246 4367 vult,
2280 4296 2551 4356 fecerunt
2583 4292 2591 4374 Ι
2628 4294 2709 4355 cl,
2743 4292 2979 4373 Apelles

414 4404 478 4458 et
523 4397 607 4458 Cl.
654 4396 951 4458 Primitiva
994 4405 1225 4476 parent.
1265 4395 1275 4478 Ι
1318 4407 1376 4458 et
1416 4398 1547 4459 sibi.
1587 4395 1597 4480 Ι
1639 4396 1706 4457 ln
1755 4396 1794 4455 f.
1842 4414 1898 4475 p.
1945 4395 2015 4470 X,
2060 4396 2121 4456 in
2167 4414 2257 4474 ag.
2303 4416 2361 4476 p.
2410 4395 2587 4457 vllll.

587 4497 786 4549 Romae
821 4496 928 4560 (VJ
955 4496 1083 4547 8954
1122 4497 1256 4547 vidit
1291 4496 1613 4563 Burmann).

588 4615 759 4686 1784
824 4618 1073 4680 lunoni¹
1108 4615 1118 4700 Ι
1151 4618 1432 4682 Dorcadis
1464 4617 1474 4704 Ι
1508 4620 1688 4681 Iuliae
1735 4622 2029 4697 Augustae
2064 4613 2075 4700 Ι
2105 4635 2321 4679 vernae
2367 4616 2719 4698 Caprensis²
2749 4613 2759 4700 Ι
2796 4635 2976 4680 orna-

413 4723 598 4797 tricis,
638 4719 649 4803 Ι
689 4722 973 4803 Lycastus
1015 4720 1380 4783 conlibertus
1417 4720 1426 4804 Ι
1465 4730 1725 4801 rogator,
1771 4721 2010 4800 coniugi
2047 4716 2062 4804 Ι
2100 4719 2436 4781 carissimae
2479 4719 2610 4782 sibi.
