3432 5387
989 445 1161 500 Tituli
1197 445 1433 500 virorum
1468 448 1524 500 et
1555 444 1843 499 mulierum
1881 444 2086 500 ordinis
2122 445 2402 501 senatorii.
2846 449 2968 508 291

408 639 467 690 p.
502 624 590 673 38.
630 621 736 687 70).
774 597 840 658 -’
894 621 942 683 1)
985 619 1318 669 lastinianus
1353 619 1448 683 qui
1479 619 1769 684 imperavit
1804 618 1991 668 consul
2027 618 2315 669 orientalis
2348 635 2399 672 a.
2433 620 2534 671 321
2574 618 2664 686 (aa
2699 622 2980 674 consulatu

416 711 530 759 eius
561 706 724 773 plura
750 705 908 756 habet
933 703 1277 754 Marcellinus
1301 705 1482 754 chron.
1506 718 1548 754 s.
1572 701 1666 767 a.).
1739 700 1954 753 Sabatii
1986 718 2177 753 nomen
2216 705 2390 754 traxit
2425 720 2458 753 a
2475 709 2648 769 patre.
2675 735 2740 745 —
2779 708 2829 772 2)
2865 708 2981 759 Ma-

411 796 584 859 gister
618 794 856 858 equitum
902 794 952 840 et
979 789 1223 855 peditum
1251 788 1620 855 praesentalis.

583 926 759 997 1308
1031 933 1088 988 1.
2308 931 2367 988 2.

542 1054 696 1094 του-
1424 1027 1492 1090 τὶ
1536 1022 1611 1089 τὸ
1808 1015 1984 1089 ῧπα-
2752 1056 2866 1109 τος

568 1131 696 1195 δεῦ-
1462 1151 1577 1211 ρον
1793 1120 2012 1211 ὖπάρ-
2735 1157 2871 1214 χων

825 1231 910 1292 Fl.
954 1230 1303 1292 Theodorus
2103 1248 2256 1291 com.
2303 1231 2569 1307 domest„

896 1332 1214 1393 Filoxenus
2071 1349 2139 1392 ex
2185 1332 2465 1412 magistro
2509 1338 2612 1396 m.²

910 1434 1213 1495 Sotericus
2142 1453 2249 1514 per
2293 1435 2540 1498 Thracia

885 1536 1232 1597 Filoxenus¹
2181 1545 2240 1596 et
2283 1539 2494 1599 consul

908 1638 993 1698 vir
1036 1638 1213 1699 illust.
2211 1638 2470 1699 ordiner.

583 1742 660 1825 τῇ
1429 1738 1608 1822 σοφῇ
1782 1757 1997 1820 προσ-
2706 1743 2890 1825 φέρω

501 1865 726 1926 γερου-
1469 1842 1585 1924 σίᾳ
1792 1836 2000 1903 ‹Dim-
2714 1841 2896 1918 ξενος

588 1960 895 2025 Diptyelzon
935 1960 1223 2008 eburneum
1267 1972 1384 2006 eum
1412 1957 1677 2022 protomis
1713 1957 1946 2007 coticulis
1992 1961 2043 2006 et
2086 1961 2279 2008 umoris
2314 1962 2454 2023 eius,
2500 1961 2625 2009 olim
2659 1963 2975 2011 servabatur

422 2045 744 2111 compendii,
781 2059 924 2093 nune
949 2044 1173 2092 Parisiie
1211 2041 1368 2106 (Gor-i
1403 2044 1637 2092 thesaur.
1664 2042 2043 2108 diptychorum
2070 2045 2172 2094 tab.
2200 2043 2279 2104 45,
2317 2045 2415 2095 vol.
2441 2044 2500 2094 II
2515 2060 2568 2108 p.
2595 2043 2657 2095 49
2672 2061 2809 2110 seq.;
2845 2046 2977 2097 Cha—

420 2129 643 2180 bouillet
667 2128 946 2192 catalogue
971 2128 1061 2178 des
1085 2125 1286 2178 eame'es
1310 2127 1373 2177 de
1397 2126 1449 2176 la
1477 2126 1595 2178 bibl.
1625 2129 1752 2192 imp.
1770 2144 1824 2192 p.
1841 2130 1941 2179 565
1964 2143 2017 2178 n.
2037 2129 2175 2179 3266
2188 2146 2208 2190 ,·
2232 2127 2302 2187 cll
2328 2128 2411 2180 W.
2432 2127 2616 2194 Meyer·
2637 2134 2774 2182 zwei
2790 2130 2980 2193 Elfen·

420 2212 710 2274 beintal'etn
743 2230 795 2278 p.
831 2213 934 2279 74).
975 2241 1034 2249 -
1061 2212 1262 2263 Eadem
1287 2209 1402 2272 sere
1427 2211 1683 2276 leguntur
1712 2214 1773 2261 in
1798 2212 2054 2278 diptycho
2080 2213 2313 2263 eiusdem
2338 2214 2571 2265 consulis
2595 2214 2982 2267 Mediolanensi

420 2298 502 2361 (V
515 2299 664 2360 8420,
689 2299 720 2348 4
755 2299 923 2350 deser.
951 2297 1280 2363 Mommsen),
1314 2299 1424 2346 nisi
1458 2297 1602 2361 quod
1622 2312 1871 2347 versuum
1897 2297 2221 2348 Graecorum
2244 2301 2402 2364 prior
2435 2300 2515 2347 sie
2549 2303 2628 2348 est
2662 2306 2975 2366 conceptus:

419 2385 501 2455 τῷ
524 2377 857 2449 σεμνύνοντι
881 2390 1004 2446 τοῖς
1026 2376 1269 2450 τρόποις
1293 2376 1394 2452 τὴν
1411 2373 1592 2446 ἀξίαν.
1639 2382 1721 2431 De
1739 2385 1897 2432 tertio
1917 2383 2147 2433 eiusdem
2173 2385 2406 2434 consulis
2425 2383 2680 2449 diptycho
2705 2384 2774 2446 ef.
2796 2386 2980 2452 Meyer

420 2471 452 2520 t.
478 2485 519 2519 c.
545 2497 613 2505 —
654 2472 701 2531 1)
737 2468 1062 2519 Philon-enus
1098 2469 1286 2519 consul
1311 2467 1622 2517 ordinarius
1650 2467 1938 2517 orientalis
1960 2465 2074 2528 suit
2106 2485 2157 2520 a.
2180 2471 2304 2523 523.
2331 2498 2399 2507 —
2424 2471 2473 2529 2)
2502 2461 2631 2524 Άπὸ
2664 2472 2975 2539 στρατηλα-

418 2555 536 2608 τῶν
558 2553 763 2602 dicitur
787 2553 1112 2603 Philoxenus
1135 2554 1296 2602 etiam
1323 2553 1504 2601 clu-on.
1531 2552 1712 2602 Pasclz.
1748 2567 1799 2615 p.
1836 2549 1933 2603 642
1962 2552 2131 2604 Bonn.
2154 2583 2223 2591 —
2251 2554 2365 2617 Quo
2389 2556 2509 2603 iure
2533 2556 2621 2603 hie
2655 2555 2980 2605 Philoxenus

419 2640 678 2690 habeatur
712 2641 905 2688 auctor·
932 2637 1192 2703 glossarii
1228 2635 1642 2687 Latino-Graeci
1665 2636 1812 2701 quod
1844 2640 2010 2702 extat,
2046 2642 2427 2704 quaesiverunt
2460 2638 2702 2701 Rudorff
2724 2640 2856 2689 Aba,
2883 2639 2979 2689 det·

418 2725 547 2775 ber-l.
583 2724 758 2775 Altad.
794 2725 922 2775 4865
955 2740 1007 2787 p.
1041 2724 1148 2774 220
1173 2739 1282 2787 seq.
1319 2726 1371 2771 et
1401 2725 1523 2786 post
1559 2723 1699 2771 hunc
1740 2721 1823 2775 W.
1860 2721 2043 2789 Meyer
2074 2739 2128 2788 p.
2153 2725 2236 2777 72.

587 2890 757 2960 1309
973 2899 1031 2953 1.
2312 2898 2371 2953 2.

623 2998 756 3057 Rus.
806 2995 1014 3056 Cenn.¹
1060 2995 1236 3055 Proh.
1286 2994 1510 3055 Orestis
1934 3013 1986 3052 V.
2033 3012 2084 3054 e.
2131 3005 2190 3054 et
2232 2995 2355 3066 inl„
2402 3013 2566 3054 cons,
2613 2995 2737 3055 ord.

586 3112 893 3177 Diptyolton
918 3112 1223 3175 eburneum,
1260 3126 1379 3160 cum
1415 3112 1652 3174 imagine
1683 3110 1932 3171 consutis,
1968 3113 2286 3161 :efflabatur
2326 3110 2635 3176 Mediolani,
2671 3127 2815 3162 nune
2846 3117 2979 3176 puto

419 3202 475 3246 in
504 3199 705 3261 Angzta
743 3195 908 3261 (Gori
930 3198 1165 3247 thesaur.
1192 3196 1570 3261 diptychorum
1596 3196 1701 3246 tab.
1738 3196 1815 3256 47,
1852 3196 1955 3247 vol.
1990 3196 2047 3246 II
2073 3213 2121 3261 p.
2161 3198 2226 3247 87
2249 3213 2371 3261 seq„
2408 3196 2548 3245 unde
2574 3195 2624 3247 C.
2653 3196 2710 3247 V
2733 3196 2882 3258 8420,
2917 3200 2982 3259 6,·

420 3282 489 3344 ef.
523 3282 604 3333 W.
632 3281 815 3347 Meyer
848 3283 984 3330 zwei
1017 3279 1474 3340 Elfenbeintal'eln
1506 3296 1558 3344 p.
1595 3281 1705 3346 73).
1770 3280 1947 3345 Supra
1974 3285 2134 3346 eaput
2159 3281 2391 3331 consulis
2416 3280 2655 3346 sculptas
2690 3285 2767 3331 est
2802 3282 2981 3332 discus

420 3383 538 3417 eum
572 3370 1033 3430 monogrammate
1080 3368 1408 3432 exprimente
1453 3365 1664 3416 litteras
1710 3357 1969 3437 Ὀρέστου
2006 3366 2137 3431 (non
2176 3365 2400 3433 Oresta).
2438 3394 2503 3404 —
2545 3366 2750 3415 Orestes
2796 3367 2985 3417 consul

413 3455 675 3517 prooessit
706 3466 824 3500 eum
848 3449 1147 3516 Lampadio
1173 3449 1367 3501 Romae
1392 3468 1442 3501 a.
1463 3452 1573 3503 550
1611 3449 1706 3515 (es.
1747 3451 1811 3501 de
1846 3450 1996 3501 Bassi
2031 3454 2194 3501 inser.
2233 3452 2345 3501 chr.
2383 3451 2413 3501 I
2441 3468 2493 3516 p.
2529 3452 2663 3517 470).
2706 3480 2763 3487 —
2810 3455 2858 3515 1)
2896 3451 2983 3500 ln-

419 3537 634 3603 tellege:
675 3535 995 3586 Gennadius.

739 3650 1538 3657 -Qffl——ffl-

594 3703 764 3774 1310
1011 3717 1069 3767 1.
2306 3707 2368 3765 2.

423 3807 507 3866 Fl.
527 3809 851 3888 strategius
876 3807 1089 3886 Apion¹
1111 3808 1440 3886 Strategius
1463 3807 1682 3888 Apion²
1770 3826 1821 3866 v.
1847 3806 1973 3874 inl..
1997 3825 2148 3867 com.
2175 3807 2336 3867 devv.
2362 3806 2602 3866 domm.³
2627 3817 2685 3866 et
2706 3825 2868 3867 cons.
2895 3825 2981 3867 or.

589 3909 900 3975 Diptyclwn
938 3909 1242 3971 eburneum,
1279 3924 1398 3958 eum
1435 3911 1672 3973 imagine
1703 3908 1951 3970 consulis,
1991 3908 2185 3956 Oviedo
2222 3910 2282 3956 in
2317 3908 2503 3956 arc-laio
2538 3908 2787 3956 ecelesiae
2811 3908 2983 3956 cathe-

421 3994 588 4044 dralis
616 3995 850 4060 (112699
889 3993 958 4053 cll
986 3998 1089 4043 act.
1116 3994 1266 4045 acad.
1295 3994 1468 4044 Ber-ol.
1493 3994 1615 4044 4864
1650 4009 1704 4058 p.
1742 3994 1843 4043 857
1877 3993 2042 4043 deser.
2079 3993 2368 4058 Haebuer).
2394 4021 2462 4029 -—
2502 3997 2548 4053 1)
2584 3995 2760 4057 Apion
2798 3992 2985 4045 consul

409 4082 675 4144 processit
701 4081 1168 4144 Constantinopoli
1202 4096 1249 4129 a.
1273 4081 1392 4130 359.
1465 4079 1731 4143 Strategii
1764 4094 1955 4127 nomen
1993 4082 2169 4127 traxit
2204 4094 2236 4126 a
2266 4082 2441 4142 patre,
2478 4077 2549 4137 cl'.
2590 4080 2773 4128 clu-on.
2798 4077 2981 4127 Pasch.

413 4181 467 4229 p.
492 4165 590 4215 654
616 4164 694 4212 ed.
724 4164 897 4214 Bonn.
925 4166 1159 4225 (monuit
1176 4164 1323 4228 Mo.).
1352 4192 1410 4201 -
1442 4167 1492 4227 2)
1516 4164 1595 4213 De
1619 4164 1921 4213 nominibus
1947 4165 2024 4212 bis
2043 4166 2233 4227 positis
2258 4162 2326 4222 el'.
2350 4180 2515 4229 supra
2541 4162 2606 4213 N.
2632 4162 2767 4213 4303
2795 4166 2901 4211 not.
2937 4161 2982 4211 4.

417 4275 483 4284 -
511 4250 562 4311 3)
587 4248 878 4297 Domestici
908 4250 1040 4299 dicti
1066 4250 1393 4299 devotissimi
1416 4247 1652 4308 fortasse
1685 4251 1850 4313 spatii
1886 4252 2091 4298 tantum
2125 4248 2405 4314 supplendi
2440 4264 2600 4298 cama
2629 4246 2983 4312 (Mommsen).

590 4415 755 4487 1311
1017 4428 1073 4482 1.
1577 4405 1591 4418 '
2311 4424 2371 4482 2.

516 4519 600 4581 Fl.
649 4521 790 4582 Mar.
840 4521 998 4582 Petr.
1046 4522 1341 4582 Theodor.
1390 4521 1614 4582 Valent.
1866 4523 2040 4584 vsnl.²
2087 4543 2137 4583 c.
2186 4523 2345 4583 dom.
2394 4531 2450 4582 et
2496 4540 2660 4582 cons.
2708 4522 2832 4581 ord.

611 4623 778 4685 Rust.
824 4623 1056 4684 Boraid.
1106 4624 1302 4685 Germ.
1350 4623 1512 4685 Ιιιεῑ.ι

590 4740 900 4806 Diptyelzon
935 4742 1242 4803 eburneum,
1281 4755 1400 4790 eum
1429 4746 1678 4806 protome
1713 4741 1963 4805 consulis,
1998 4739 2243 4790 Ber-otini
2280 4740 2393 4805 (W.
2418 4740 2603 4807 Meyer
2624 4739 2778 4791 Zwei
2806 4739 2986 4791 antike

418 4822 879 4885 Etfenbeintaseln
915 4826 1018 4878 tab.
1044 4825 1078 4875 Ι
1109 4824 1181 4886 ef.
1207 4825 1494 4876 Mommsen
1530 4826 1678 4892 apud
1712 4825 1934 4876 eundem
1966 4842 2021 4892 p.
2057 4825 2162 4893 40).
2197 4853 2267 4863 -
2294 4828 2343 4889 1)
2369 4825 2691 4890 Signifieari
2724 4825 2985 4877 Iustinum

2482 4911 2579 4963 19*
