3432 5387
572 381 699 440 334
1689 383 1872 454 Caput
1903 383 1998 439 VI.

458 604 469 615 .
575 553 913 616 dulcissimo
974 555 1237 634 piissimo
1288 556 1300 638 Ι
1352 556 1790 629 amantissimo,
1852 559 1954 637 qui
2010 558 2122 619 vix.
2180 575 2321 619 ann.
2378 558 2564 620 XXIX
2601 556 2613 640 Ι
2650 578 2854 622 mense
2899 560 2924 621 1
2978 560 3160 623 dieb.

572 655 807 729 XXIIIl,
853 665 914 717 et
953 657 1065 718 sibi
1111 667 1170 719 et
1213 658 1352 731 suis,
1398 656 1499 718 lib.
1541 658 1551 739 Ι
1591 658 2032 738 libertabusque
2077 659 2449 740 posterisque
2494 679 2723 723 eorum.

742 754 940 806 Romae
975 756 1226 821 (V18476
1259 758 1399 808 vidit
1437 759 1628 825 Gaui).

740 908 908 979 1545
974 912 1030 972 d.
1063 930 1141 971 m.
1172 911 1362 972 Nitori
1392 910 1710 973 Domitiaes
1738 912 1887 994 Aug.
1919 914 2105 974 actori
2148 931 2179 974 a
2214 915 2533 988 frumento,
2577 915 2688 976 vix.
2729 933 2868 977 ann.
2900 915 3155 992 XXXV,

571 1013 709 1074 fecit
751 1012 1057 1093 Lampyris
1100 1013 1386 1074 Domitiae
1432 1014 1581 1094 Aug.
1627 1014 1729 1074 lib.
1776 1014 1834 1074 b.
1882 1034 1961 1076 m.

742 1112 940 1164 Romae
975 1113 1123 1179 apud
1154 1115 1504 1179 Pomponium
1538 1112 1766 1164 Laetum
1804 1114 1909 1180 (VI
1929 1117 2062 1166 8850
2097 1115 2256 1165 smel
2289 1115 2599 1182 descripta).

1982 1291 2046 1298 -—.

737 1416 907 1487 1546
971 1419 1027 1479 d.
1074 1439 1151 1480 m.
1193 1421 1203 1495 Ι
1241 1419 1329 1480 Ti.
1377 1419 1598 1481 Claudii
1640 1418 1649 1503 Ι
1689 1422 1839 1500 Aug.
1885 1420 2080 1515 liberti
2118 1420 2130 1502 Ι
2168 1421 2471 1484 Saturnini
2513 1418 2522 1503 Ι
2561 1440 2727 1502 proc.
2765 1423 2865 1484 XX
2913 1425 3094 1488 here.
3132 1424 3145 1508 Ι

568 1523 905 1601 provinciae
945 1522 954 1600 Ι
994 1521 1262 1595 Achaiae,
1306 1520 1314 1604 Ι
1353 1532 1414 1583 et
1457 1522 1778 1583 Saturnina
1822 1524 2083 1586 coniunx
2131 1525 2170 1584 s.

736 1621 934 1673 Romae
969 1622 1226 1687 (V18445
1260 1623 1399 1673 vidit
1432 1621 1690 1689 Henzen).

734 1771 904 1842 1547
969 1777 1036 1837 T.
1083 1776 1248 1837 Aelio
1293 1779 1442 1857 Aug.
1502 1777 1602 1837 lib.
1644 1774 1655 1859 Ι
1693 1777 2003 1857 Agathopo
2047 1796 2212 1857 proc.
2259 1776 2363 1838 XX
2416 1775 2426 1860 Ι
2475 1778 2754 1854 heredit.‚
2802 1779 3075 1860 Sulpicia
3125 1781 3139 1863 Ι

565 1876 839 1938 Thallusa
883 1878 1124 1956 coniugi
1162 1877 1173 1957 Ι
1212 1878 1367 1938 bene
1412 1880 1663 1940 merenti
1708 1888 1767 1940 et
1805 1878 1813 1955 Ι
1853 1879 2103 1940 heredes
2141 1878 2151 1962 Ι
2189 1880 2480 1941 fecerunt.

734 1975 932 2027 Romae
965 1994 1075 2043 rep.
1113 1980 1171 2028 in
1208 1978 1539 2030 columbario
1575 1980 1649 2030 ad
1677 1983 1891 2044 portam
1928 1977 2200 2045 Latinam,
2233 1995 2374 2030 uma
2413 1979 2521 2045 (Vl
2535 1982 2670 2031 5554
2704 1981 2841 2031 vidit
2865 1981 3138 2049 Henzen).

733 2128 906 2199 1548
969 2132 1023 2192 d.
1071 2152 1148 2192 m.
1194 2151 1240 2193 s.
1279 2129 1290 2210 Ι
1330 2132 1525 2192 Aeliae
1569 2132 1932 2212 Agrippinae
1988 2130 2000 2215 Ι
2046 2133 2287 2213 coniugi
2345 2135 2675 2196 rarissimae
2715 2133 2726 2216 Ι
2765 2143 2824 2195 et
2872 2137 3137 2197 sanctis-

562 2235 760 2305 simae,
801 2233 811 2314 Ι
850 2234 991 2294 vixit
1034 2253 1174 2294 ann.
1219 2233 1408 2308 XXV,
1458 2230 1471 2312 Ι
1509 2233 1829 2313 Hypaticus
1873 2235 2189 2314 Augustor.
2237 2235 2336 2297 lib.
2376 2233 2388 2317 Ι
2426 2235 2707 2317 subproc.
2752 2235 2875 2296 XX'
2915 2234 2927 2316 Ι
2971 2236 3135 2298 bene

560 2336 812 2396 merenti
904 2336 1060 2396 fecit.
2100 2379 2105 2385 -

730 2339 1002 2487 Eme'ritae
1038 2436 1234 2501 (11487
1267 2438 1481 2501 saepius
1505 2436 1773 2501 descripta
1807 2451 1943 2488 saec.
1972 2435 2138 2504 XVI).
2162 2466 2232 2475 —
2273 2439 2321 2501 1)
2345 2438 2784 2502 Subprocurator
2816 2441 3127 2490 vicesimae.

733 2602 904 2675 1549
971 2608 1059 2668 dis
1103 2606 1321 2668 manib.
1363 2608 1374 2683 Ι
1413 2608 1590 2669 [uliae
1629 2607 1640 2687 Ι
1679 2605 2061 2689 Demetriael
2101 2608 2340 2669 Priscus
2371 2607 2519 2686 Aug.
2564 2607 2602 2668 l.
2642 2605 2654 2690 Ι
2691 2627 2858 2688 proc.
2905 2609 3019 2669 1111
3064 2629 3126 2690 p.

556 2714 680 2772 ΑΠ’.
722 2708 732 2790 Ι
771 2719 832 2773 et
873 2710 1083 2771 XXXX
1128 2711 1405 2784 Galliar.¹‚
1444 2708 1455 2791 Ι
1496 2711 1735 2791 coniug.
1781 2712 2051 2773 sanctiss.

726 2814 885 2864 Antii
917 2828 1047 2878 rep„
1084 2816 1162 2861 est
1183 2809 1382 2861 Romae
1418 2810 1493 2876 (X
1508 2813 1638 2863 6668
1671 2812 1813 2861 vidit
1834 2811 2089 2878 Dressel).
2115 2839 2178 2848 —
2209 2812 2259 2875 1)
2291 2810 2621 2861 Procurator
2657 2815 2915 2877 quattuor
2943 2812 3125 2877 publi-

557 2914 740 2948 corum
776 2896 1003 2958 Africae
1038 2901 1092 2946 et
1124 2896 1566 2962 quadragesimae
1606 2896 1922 2947 Galliarum.

726 3050 897 3120 155⁰
959 3053 1047 3113 dis
1077 3051 1351 3112 manibus
1380 3070 1631 3112 sacrum.
1668 3048 1677 3129 Ι
1703 3050 1779 3111 Μ.
1814 3052 1888 3112 Μ.
1915 3049 2121 3112 Coccei
2149 3051 2534 3111 verecundus
2560 3047 2569 3131 Ι
2596 3058 2654 3111 et
2683 3050 2869 3112 Verus
2899 3050 3116 3130 Pytha-

554 3155 762 3233 gorae¹
810 3154 957 3232 Aug.
998 3152 1009 3232 Ι
1047 3153 1146 3213 lib.
1193 3172 1359 3233 proc.
1405 3152 1512 3213 llll
1559 3173 1617 3232 p.
1664 3152 1778 3225 A.²‚
1825 3151 1978 3213 bene
2024 3152 2292 3212 merenti.
2332 3149 2343 3234 Ι
2384 3153 2455 3212 Η.
2498 3172 2546 3213 s.
2594 3170 2645 3212 e.

731 3253 1058 3318 Carthagine
1091 3269 1201 3318 rep.
1237 3255 1296 3302 in
1332 3251 1502 3302 altero
1539 3268 1723 3302 eorum
1758 3251 2145 3318 sepulcrorum,
2182 3252 2247 3302 do
2282 3254 2474 3317 quibus
2509 3253 2631 3302 dixi
2665 3251 2737 3302 ad
2757 3250 2824 3302 Ν.
2858 3252 3002 3318 4486,
3035 3256 3117 3302 est

556 3340 781 3390 Parisiis
816 3338 979 3404 (VIII
1011 3338 1064 3388 S.
1100 3337 1310 3404 42655).
1351 3364 1410 3375 -—
1467 3340 1514 3400 1)
1551 3335 1843 3404 Pythagora
1874 3337 1907 3388 s.
1945 3337 2148 3401 leger-ae
2184 3336 2452 3399 Schoene;
2495 3336 2633 3401 lapis
2668 3337 2935 3403 admittit,
2981 3342 3114 3388 teste

561 3423 794 3487 Cagnat,
844 3424 905 3473 id
939 3422 1083 3489 quod
1118 3423 1371 3473 dedimus.
1420 3449 1486 3458 —-
1536 3422 1585 3484 2)
1622 3422 1978 3472 Procurator-i
2012 3423 2271 3485 quattuor
2297 3422 2636 3486 publicorum
2672 3420 2913 3482 Africae.
2984 3424 3116 3474 Pro-

558 3513 834 3559 curatores
869 3510 1029 3558 huius
1059 3510 1278 3574 generis
1311 3509 1575 3571 ingenuos
1610 3507 1769 3556 habes
1801 3521 1968 3571 supra
2004 3503 2073 3557 Ν.
2107 3506 2356 3570 44072051.
3035 3522 3051 3543 0

721 3814 886 3884 1551
958 3816 1012 3875 d.
1067 3836 1143 3876 m.
1205 3816 1500 3913 iij—Ulpio
1561 3815 1778 3876 Cadmo
1836 3814 1985 3893 Aug.
2031 3814 2165 3888 lib.‚
2217 3813 2226 3895 Ι
2278 3814 2380 3893 qui
2436 3814 2545 3874 fuit
2601 3813 2883 3893 princeps
2937 3812 3107 3873 tabu·

552 3920 729 3981 larius
770 3923 779 3997 Ι
819 3920 879 3980 in
933 3921 1186 3982 statione
1218 3920 1318 3980 XX
1362 3918 1793 3992 hereditatium,
1834 3913 1842 3998 Ι
1884 3918 1959 3977 Μ.
2006 3916 2213 3997 Ulpius
2258 3916 2567 3977 Secundus
2612 3923 2670 3974 et
2717 3914 2882 3996 Ulpia
2927 3913 3105 3975 Chili-

551 4023 745 4085 archis
783 4021 793 4105 Ι
833 4032 894 4084 et
934 4021 1104 4102 Ulpia
1151 4019 1424 4082 Felicitas
1468 4020 1579 4080 fllia
1635 4037 1841 4080 eorum
1882 4017 1892 4100 Ι
1932 4028 2183 4098 patrono
2230 4037 2338 4079 suo
2400 4017 2553 4078 bene
2608 4016 2682 4076 de
2738 4035 2801 4077 se
2854 4013 3102 4076 merenti

549 4127 729 4186 secer.
769 4125 780 4205 Ι
820 4134 880 4186 et
921 4124 1034 4186 sibi
1080 4133 1140 4185 et
1180 4125 1320 4197 suis,
1351 4123 1591 4184 'libertis
1635 4130 1694 4183 et
1739 4120 2059 4182 libertabus
2098 4117 2108 4201 Ι
2146 4120 2521 4199 posterisque
2565 4136 2792 4179 eorum.

717 4225 929 4291 Romae,
963 4240 1109 4275 nunc
1148 4226 1392 4275 Veronae
1428 4223 1533 4285 (VI
1560 4224 1687 4274 8446
1723 4223 1860 4273 vidit
1895 4222 2225 4288 Mommsen).

717 4377 888 4447 1552
953 4382 1008 4441 d.
1041 4398 1118 4441 m.
1156 4376 1167 4460 Ι
1200 4379 1266 4439 Τ.
1299 4377 1497 4439 Flavio
1528 4377 1674 4455 Aug.
1707 4376 1745 4437 l.
1786 4374 1796 4455 Ι
1836 4376 2107 4436 ianuario
2139 4372 2150 4456 Ι
2183 4374 2434 4436 adiutori
2465 4373 2710 4434 tabular.
2751 4370 2762 4453 Ι
2799 4370 2905 4432 XX
2930 4370 3100 4431 here-

549 4482 833 4557 ditatium,
874 4481 884 4566 Ι
923 4483 1035 4543 vix.
1081 4500 1220 4542 ann.
1252 4480 1454 4552 XXVI,
1494 4477 1504 4561 Ι
1543 4479 1732 4540 Flavia
1771 4478 1964 4539 Erotis
2003 4480 2012 4559 Ι
2052 4487 2304 4558 patrono
2343 4473 2354 4558 Ι
2393 4477 2545 4538 idem
2591 4474 2829 4554 coniugi
2868 4472 2878 4555 Ι
2916 4472 3099 4534 bene-

545 4585 799 4645 merenti
837 4582 847 4665 Ι
887 4586 1043 4646 fecit.

715 4681 910 4733 Romae
949 4684 1053 4748 (VI
1085 4686 1212 4735 8449
1249 4683 1387 4733 vidit
1424 4682 1678 4748 Henzen).
