3432 5387
547 382 667 442 190
1688 380 1871 449 Caput
1901 379 1999 433 111.

716 556 942 607 Athenis
976 557 1036 605 in
1072 554 1202 605 colle
1235 553 1530 617 Musarum,
1566 558 1662 619 qui
1697 558 1773 603 est
1809 571 1836 603 e
1870 557 2092 618 regione
2125 557 2286 615 arcis,
2324 557 2378 604 in
2406 558 2742 605 monumento
2780 557 2947 605 trium
2970 555 3122 606 aedi-

545 640 820 704 cularum,
866 654 1096 704 quarum
1144 638 1283 689 duae
1330 644 1475 698 (cum
1511 640 1686 689 titulis
1724 640 1769 690 4.
1804 639 1856 690 2.
1890 642 1950 703 3)
1998 640 2157 689 hodie
2203 654 2414 704 quoque
2458 642 2673 700 extant,
2722 642 2882 690 tertia
2925 643 3042 691 visa
3088 658 3121 691 a

549 726 778 793 Cyriaco
815 726 1039 775 extabat
1070 724 1283 774 saeculo
1314 723 1415 775 XV
1437 724 1543 785 (111
1563 725 1687 777 552.
1715 724 1767 775 C.
1795 724 1838 775 J.
1873 723 1963 778 Gr.
1986 725 2109 776 562.
2148 724 2200 776 C.
2226 724 2268 776 1.
2292 725 2406 776 Att.
2430 727 2485 788 5,
2508 725 2650 785 557).
2719 724 2976 775 Dicatum
3011 723 3125 784 fuit

545 814 975 873 monumentum,
1023 813 1155 859 teste
1192 811 1462 859 Pausania
1488 809 1533 873 4,
1560 810 1646 873 28,
1669 811 1701 859 6
1739 810 1943 859 homini
1976 809 2147 859 alicui
2181 827 2251 859 ee:
2286 809 2479 875 Syria,
2514 809 2719 859 scilicet
2753 812 2804 858 ei
2835 812 2931 859 sub
2970 814 3124 861 cuius

542 899 723 944 statua
775 895 1051 958 legebatur
1099 894 1286 944 titulus
1321 898 1360 946 5⁷
1403 898 1455 944 et
1497 894 1572 944 ad
1620 908 1773 958 quem
1816 895 2159 959 pertinebant
2206 897 2313 944 nisi
2346 893 2517 955 fallor
2552 896 2714 944 etiam
2752 895 2900 945 tituli
2934 896 2968 945 2
3007 900 3061 945 et
3090 898 3122 946 4

547 983 704 1030 iuxta
731 982 900 1044 positi
926 981 992 1029 ab
1021 983 1252 1044 utraque
1278 983 1437 1044 parte
1466 978 1741 1028 aediculae
1774 979 1980 1029 mediae
1989 999 2011 1042 ,-
2041 979 2256 1029 videtur
2292 982 2431 1029 enim
2467 982 2549 1029 his
2573 981 2745 1029 tribus
2776 979 2952 1030 titulis
2983 980 3122 1031 idem

548 1067 703 1115 homo
739 1067 1030 1128 nominari,
1068 1069 1127 1114 in
1166 1069 1203 1115 t.
1224 1068 1262 1117 3
1298 1080 1444 1115 more
1466 1065 1800 1128 Atheniensi,
1835 1066 1893 1113 in
1931 1068 1968 1116 t.
1991 1065 2027 1115 2
2062 1080 2211 1115 more
2235 1064 2494 1129 Romano,
2531 1068 2590 1115 in
2625 1068 2662 1119 t.
2683 1067 2716 1114 4
2750 1081 2899 1116 more
2935 1066 3124 1116 domus

547 1151 732 1213 regiae
753 1166 822 1199 ex
842 1164 946 1214 qua
966 1154 1086 1200 erat
1107 1149 1386 1200 oriundus·
1439 1150 1578 1200 Fuit
1594 1154 1774 1199 autem
1796 1149 2072 1212 oriundus,
2095 1153 2158 1199 ut
2175 1151 2428 1201 viderunt
2447 1151 2622 1214 multi,
2646 1166 2717 1200 ex
2739 1155 2910 1217 stirpe
2933 1167 3124 1215 regum

552 1234 944 1299 Commagenes,
966 1235 1112 1296 lilius
1138 1235 1439 1300 Epiphanis
1460 1238 1573 1284 sive
1596 1236 1741 1299 regis
1763 1234 2067 1299 Epiphanis
2093 1237 2296 1299 (regem
2319 1250 2437 1285 eum
2462 1235 2699 1301 appellat
2723 1235 2844 1286 Tac.
2865 1238 2916 1289 h.
2935 1238 2988 1300 2,
3005 1238 3122 1302 25),

548 1323 834 1370 memorati
866 1337 899 1370 a
939 1319 1124 1370 Tacito
1163 1321 1195 1370 l.
1234 1336 1277 1371 c.
1315 1325 1366 1370 et
1400 1337 1431 1369 a
1468 1320 1688 1385 Iosepho
1728 1323 1839 1370 ant.
1877 1318 1954 1379 49,
1990 1322 2038 1381 9,
2074 1321 2120 1371 4.
2155 1321 2241 1380 20,
2274 1321 2322 1384 7,
2357 1322 2402 1371 4.
2441 1319 2556 1372 bell.
2589 1321 2640 1383 7,
2672 1321 2718 1383 7,
2754 1321 2918 1387 4-5,
2959 1337 3124 1388 nepos

546 1407 807 1456 Antiochi
840 1407 936 1471 qui
968 1405 1214 1467 ultimus,
1258 1422 1291 1455 a
1329 1404 1543 1456 Claudii
1576 1406 1899 1470 temporibus
1933 1420 2099 1469 usque
2133 1406 2207 1455 ad
2239 1421 2288 1456 a.
2320 1421 2375 1471 p.
2415 1405 2534 1457 Chr.
2568 1406 2652 1467 72,
2688 1421 2914 1471 regnum
2952 1406 3102 1457 Com-

546 1505 800 1554 magenes
836 1493 1010 1540 tenuit
1043 1488 1141 1551 (cll
1168 1488 1456 1540 Mommsen
1481 1489 1658 1540 Mitth.
1693 1489 1785 1539 des
1819 1491 1966 1540 arch.
1995 1490 2126 1540 Inst.
2162 1494 2222 1540 in
2247 1491 2420 1540 Athen
2451 1491 2484 1541 I
2507 1506 2563 1554 p.
2585 1492 2655 1543 36
2670 1497 2821 1556 seq.).
2880 1490 3022 1541 Idem
3047 1507 3126 1556 esf

552 1576 917 1641 Philopappus
938 1580 1265 1627 memoratus
1290 1592 1323 1626 a
1343 1576 1631 1625 Plutarcho
1657 1579 1858 1640 quaest.
1883 1591 2053 1641 symp.
2073 1575 2121 1639 4,
2139 1576 2218 1638 40,
2238 1576 2283 1626 4.
2337 1575 2483 1625 Idem
2499 1578 2686 1641 posuit
2710 1575 2928 1625 titulum
2951 1591 3125 1640 nuper

548 1677 656 1727 rep.
698 1661 1006 1728 Lycosurae
1042 1663 1100 1711 in
1125 1661 1365 1711 Arcadia
1402 1652 1704 1729 (Ἀρχαιολ.
1743 1660 1984 1714 Δελτίον
2019 1660 2146 1710 4890
2175 1677 2232 1726 ρ.
2256 1663 2345 1723 45)
2383 1662 2478 1710 ubi
2511 1660 2816 1726 appellatur
2853 1654 3125 1724 Βασιλεὺς

548 1737 774 1811 Ἰοὗλιος
805 1738 1112 1817 Ἐπιφανὴς
1160 1740 1562 1808 Φιλόπαππος,
1635 1744 1822 1795 Eidem
1864 1749 2075 1809 positus
2123 1750 2200 1795 est
2233 1746 2455 1796 Athenis
2505 1745 2557 1797 C.
2602 1745 2643 1799 I.
2678 1746 2789 1797 All.
2825 1749 2879 1808 3,
2912 1746 2977 1796 78
3024 1744 3124 1805 (cf.

544 1836 830 1898 praeterea
869 1832 921 1884 C.
961 1831 1001 1883 1.
1037 1832 1148 1883 Aet.
1182 1835 1237 1895 5,
1271 1830 1432 1883 75811.
1469 1831 1644 1890 4020).
1698 1828 1857 1893 Regis
1901 1832 2157 1881 vocabulo
2194 1833 2246 1880 ei
2282 1831 2497 1881 licuisse
2536 1834 2621 1881 uti
2655 1830 2889 1881 notabile
2925 1833 3016 1880 est.
3055 1858 3122 1867 —

558 1917 613 1968 T.
640 1917 666 1967 4
705 1917 919 1967 videtur
952 1920 1196 1983 spectare
1231 1916 1305 1966 ad
1328 1917 1654 1966 Antiochum
1691 1930 1850 1965 avum
1876 1914 2197 1980 Philopappi
2232 1915 2328 1978 (cll
2363 1921 2573 1981 supra),
2612 1922 2646 1969 t.
2668 1919 2704 1967 5
2739 1915 2812 1966 ad
2846 1913 3123 1965 Seleucum

549 2005 883 2051 notissimum
929 2017 1107 2064 regem
1147 2001 1369 2067 Syriae,
1415 2018 1447 2051 a
1496 2016 1600 2065 quo
1644 2017 1744 2064 per
1778 1999 2100 2050 Laodiceam
2136 2001 2392 2051 Antiochi
2428 2000 2600 2069 Grypi
2636 2000 2810 2062 filiam
2851 2000 3123 2051 descende-

551 2089 681 2137 bant
701 2102 855 2152 reges
881 2087 1258 2151 Commagenes
1282 2084 1380 2147 (cs.
1404 2084 1507 2136 Mo.
1535 2085 1567 2137 l.
1595 2101 1637 2135 c.
1656 2102 1714 2150 p.
1740 2087 1808 2137 27
1841 2089 1893 2134 et
1913 2089 2133 2135 stemma
2167 2090 2503 2151 propositum
2535 2088 2604 2136 ib.
2628 2102 2682 2152 p.
2706 2088 2819 2149 39).
2881 2084 3124 2136 Ceterum

552 2173 648 2221 vix
666 2176 844 2238 potest
864 2172 1106 2222 dubitari
1130 2173 1263 2236 quin
1281 2170 1640 2235 Philopappus
1666 2175 1914 2221 extructo
1939 2173 2038 2221 hoc
2059 2176 2400 2221 monumento
2423 2174 2634 2222 imitari
2650 2171 2885 2222 voluerit
2904 2174 3125 2220 atavum

548 2272 704 2306 suum
741 2256 1092 2319 Antiochum,
1137 2256 1461 2320 temporibus
1496 2255 1712 2306 Luculli
1759 2259 1812 2305 et
1845 2257 2084 2321 Pompeii
2128 2271 2308 2321 regem
2346 2256 2750 2321 Commagenes,
2800 2258 2893 2322 qui
2935 2270 3125 2305 monu-

549 2346 783 2391 mentum
829 2344 888 2391 in
930 2340 1108 2392 Tauro
1154 2344 1332 2391 monte
1381 2345 1687 2391 eoetmctum
1735 2344 1930 2390 statuis
1967 2341 2243 2407 titulisque
2275 2344 2545 2393 maiorum
2578 2357 2801 2392 suornm
2836 2342 3127 2391 exornavit

553 2426 863 2487 (Puchstein
900 2426 1268 2491 Sitzungsber.
1314 2426 1409 2476 der
1449 2425 1589 2476 Berl.
1628 2424 1800 2475 Akad.
1839 2425 1973 2479 4885
2004 2443 2057 2491 p.
2094 2429 2189 2489 49,-
2235 2428 2483 2477 Humann
2519 2432 2573 2477 et
2604 2428 2888 2477 Puchstein
2936 2425 3123 2477 Reisen

553 2514 610 2562 in
637 2511 939 2562 Kleinasien
964 2528 1015 2562 u.
1041 2511 1376 2579 Nordsyrien
1395 2526 1449 2575 p.
1474 2511 1582 2563 252
1602 2515 1750 2576 seq.).
1774 2539 1844 2547 —
1874 2514 1920 2573 1)
1960 2510 2038 2559 De
2064 2513 2209 2561 tribu
2234 2512 2409 2563 Fabia
2448 2511 2519 2572 cl'.
2545 2512 2619 2562 ad
2640 2511 2709 2565 N.
2728 2514 2824 2563 844
2848 2516 2957 2563 nol.
2983 2512 3028 2563 4.
3053 2540 3125 2550 -

553 2598 604 2661 2)
635 2594 903 2647 Traianus
927 2612 1047 2647 cum
1072 2596 1371 2662 appelletur
1396 2596 1648 2661 Optimus,
1687 2612 1796 2647 non
1827 2597 2126 2662 appelletur
2149 2598 2432 2647 Parthicus
2458 2596 2553 2657 (cll
2579 2612 2745 2663 supra
2763 2597 2966 2651 Ν.295.
2979 2598 3125 2663 297),

554 2682 745 2733 titulus
780 2685 983 2733 incisus
1017 2686 1095 2733 est
1129 2685 1273 2733 inter
1306 2699 1477 2733 annos
1512 2681 1784 2735 444-446.

722 2971 850 3041 846
1087 2974 1330 3035 Sitalces
1373 2973 1486 3033 divi
1527 2971 1536 3055 Ι
1575 2972 1825 3052 Augusti
1865 2971 1874 3054 Ι
1915 2991 2087 3052 opses
2133 2972 2447 3033 Thracum.

1088 3075 1231 3135 Iulia
1277 3075 1512 3155 Phyllis,
1553 3071 1564 3156 Ι
1602 3093 1775 3136 soror
1818 3075 1963 3136 eius.

726 3174 921 3226 Romae
958 3175 1063 3236 (Vl
1093 3177 1258 3227 26608
1293 3175 1573 3240 descripsit
1608 3174 1930 3241 Bormann).

722 3464 851 3534 847
917 3467 1078 3528 Staio
1139 3466 1476 3546 Esdragass.
1536 3469 1576 3528 s.
1632 3466 1933 3547 Vobeu.¹1
1983 3467 2239 3547 principi
2298 3464 2817 3546 Trumplinorum‚
2875 3464 3058 3543 praes.
3111 3461 3120 3547 Ι

556 3563 832 3654 [c]ol]ort.
879 3567 1367 3649 Trumplinorum
1416 3568 1428 3652 Ι
1478 3565 1636 3656 [s]ub
1685 3570 1747 3632 C.
1796 3568 1962 3629 Vibio
2010 3568 2236 3629 Pansa²
2291 3567 2484 3647 legato
2541 3585 2650 3646 pro
2702 3565 2711 3648 Ι
2763 3561 2894 3651 [pr.,
2942 3560 3124 3649 ite]m³

555 3670 809 3742 Vindol.‚
855 3665 1183 3756 i[m]munis
1229 3670 1488 3732 Caesaris
1525 3668 1536 3748 Ι
1577 3714 1838 3730 ......
1885 3681 1945 3732 et
1985 3671 2127 3733 suis·
2173 3669 2428 3730 Messava
2472 3668 2610 3729 Veci
2654 3669 2692 3728 s.
2742 3687 2908 3729 uxor.

724 3772 968 3836 Bovegni
1001 3774 1061 3821 in
1097 3772 1233 3821 valle
1268 3770 1470 3835 Alpina
1514 3768 1951 3835 Trumplinorum
1988 3769 2122 3830 (Val
2154 3767 2448 3836 Trompia),
2483 3785 2652 3834 supra
2687 3768 2956 3828 Brixiam,
2993 3783 3125 3832 rep„

556 3860 633 3905 est
655 3855 886 3907 Brixiae
909 3856 993 3917 (V
1007 3857 1133 3907 4940
1160 3857 1299 3906 vidit
1320 3855 1652 3918 Mommsen).
1688 3882 1756 3890 —-
1787 3853 2092 3919 Trumplini
2122 3859 2489 3905 memorantur
2519 3858 2662 3904 inter
2690 3858 2878 3918 gentes
2898 3852 3127 3918 Alpinas

558 3941 793 3991 devictas
828 3943 893 3992 ab
917 3943 1165 4006 Augusto
1203 3944 1260 3990 in
1296 3942 1644 4005 inscriptione
1681 3938 1914 4004 Tropaei
1936 3939 2159 4004 Alpium
2193 3938 2333 3999 facti
2368 3956 2416 3991 a.
2442 3939 2534 3990 747
2569 3939 2654 3989 vel
2687 3940 2782 3989 748
2807 3936 2970 3998 (Plin.
2997 3937 3045 3986 h.
3071 3952 3126 3989 n.

554 4028 608 4089 5,
633 4027 773 4090 456).
835 4027 933 4076 Hic
969 4027 1155 4076 titulus
1186 4027 1423 4090 pertinet
1458 4025 1532 4075 ad
1547 4027 1851 4089 principem
1885 4024 2119 4089 aliquem
2157 4026 2270 4074 eius
2294 4026 2492 4089 gentis,
2528 4024 2756 4073 auxiliis
2785 4023 2964 4086 gentis
2995 4036 3127 4071 suae

556 4127 589 4160 a
636 4109 890 4160 Romanis
928 4113 1319 4177 praepositum,
1369 4113 1420 4159 et
1462 4112 1684 4174 insuper
1731 4111 1795 4158 ab
1845 4111 2169 4174 imperatore
2215 4111 2554 4158 immunitate
2599 4110 2656 4169 (a
2708 4109 2923 4157 tributis
2965 4110 3124 4172 puto)

556 4196 829 4247 donatum.
855 4224 920 4234 —
949 4197 998 4257 1)
1024 4195 1228 4258 Pagum
1262 4194 1492 4260 aliquem
1523 4193 1961 4259 Trumplinorum
1994 4193 2304 4257 significari
2332 4196 2496 4259 putat
2527 4192 2633 4244 Mo.
2670 4222 2738 4230 —
2776 4193 2826 4256 2)
2856 4190 2907 4242 C.
2935 4189 3127 4242 Vibius

556 4280 731 4330 Pansa
768 4296 876 4330 non
909 4283 1084 4346 potest
1119 4297 1226 4329 esse
1262 4283 1335 4340 is,
1386 4285 1447 4329 ut
1482 4279 1705 4329 adnotat
1740 4279 1862 4343 Mo„
1906 4281 2001 4344 qui
2031 4281 2202 4343 periit
2237 4281 2296 4328 in
2332 4277 2613 4329 consulatu
2652 4293 2701 4328 a.
2734 4276 2847 4340 744,
2886 4275 2980 4325 sed
3010 4274 3128 4335 for-

558 4369 695 4414 tasse
729 4362 875 4424 filius
915 4368 1028 4414 eius
1059 4368 1343 4429 praeterea
1378 4367 1610 4429 ignotus.
1648 4391 1713 4399 —-
1751 4366 1802 4427 3)
1840 4362 2117 4429 Supplevit
2152 4363 2258 4416 Μο.

725 4634 856 4704 848
918 4638 995 4698 Μ.
1041 4637 1150 4699 lul.
1196 4633 1400 4722 Cott[iJ
1451 4639 1594 4716 reg.¹
1625 4634 1724 4720 ll.2
1754 4637 1918 4699 Paris
1962 4648 2003 4698 t.
2049 4638 2089 4697 s.
2138 4633 2234 4720 i.³}
2262 4636 2371 4698 sibi
2420 4633 2616 4718 eth.
2663 4635 2772 4696 lul.
2804 4633 3128 4695 Eleuthero

558 4739 595 4799 l.
635 4738 647 4822 Ι
686 4733 790 4824 e[t]
838 4739 943 4799 Iul.
993 4784 1006 4799 .
1041 4784 1056 4797 .
1091 4784 1105 4799 .
1138 4739 1311 4800 asilae
1350 4739 1360 4821 1
1400 4757 1458 4819 p.
2646 4769 2657 4780 ·
