3432 5387
587 401 711 460 386
1696 399 1878 469 Caput
1914 398 2032 453 VII.

757 572 953 623 Romae
1002 572 1076 623 ad
1114 574 1257 621 viam
1305 569 1582 621 Aureliam
1633 568 1741 635 (VI
1770 571 1914 623 2555
1958 569 2117 620 semel
2157 568 2426 633 descripta
2467 582 2604 618 saec.
2640 565 2808 635 XVI).
2858 593 2921 604 -
2984 569 3042 628 1)
3099 566 3192 615 De

587 659 755 707 servis
792 672 825 706 a
862 658 1101 707 censibus
1130 656 1324 721 populi
1360 654 1588 706 Romani
1622 653 1691 716 cll
1732 653 1833 705 Mo.
1873 654 2102 707 Staatsr.
2139 653 2203 704 1³
2234 670 2286 718 p.
2323 653 2430 704 529
2466 656 2576 702 not.
2609 654 2661 703 ὅ.

758 738 3184 854 lma—,m‘WWWF—mffi

590 877 788 957 phime
831 877 1031 938 coniu.
1070 878 1080 957 Ι
1120 877 1273 937 bene
1317 876 1571 937 merenti
1618 877 1774 949 fecit,
1813 875 1823 954 Ι
1862 895 1915 934 v.
1961 894 2013 936 a.
2061 873 2230 935 LXV.

755 976 956 1029 Romae
978 994 1089 1043 rep.
1125 976 1199 1027 ad
1226 979 1443 1041 portam
1471 975 1738 1038 Latinam,
1772 976 2004 1036 fortasse
2040 978 2098 1024 in
2123 974 2303 1026 eodem
2328 973 2658 1024 columbario
2693 976 2754 1024 in
2789 988 2895 1040 quo
2930 973 3014 1026 Ν.
3045 975 3186 1025 1786

586 1062 691 1123 (VI
721 1062 878 1115 2557.
912 1065 1051 1114 5558
1083 1062 1222 1113 vidit
1258 1061 1509 1122 Henzen).

755 1180 926 1250 1969
991 1181 1369 1262 Menophilus
1403 1180 1412 1262 Ι
1450 1181 1838 1242 Lucretianus
1870 1178 1879 1263 Ι
1912 1198 2114 1242 servos
2142 1179 2449 1261 publicus!
2492 1198 2562 1241 ex
2608 1180 2847 1241 basilica
2891 1179 3178 1260 Opimia.

765 1285 975 1347 Aemil.
1022 1285 1132 1346 Dio
1176 1284 1359 1344 hanti.

589 1286 597 1370 Ι
644 1288 718 1359 Q
756 1387 967 1448 Romae,
1005 1304 1198 1435 &zoega
1235 1385 1425 1434 litteris
1447 1384 1669 1433 vetustis
1705 1381 1815 1443 (VI
1842 1383 1985 1434 2559
2019 1382 2156 1432 vidie
2179 1382 2423 1445 Herum,-
2456 1385 2615 1433 iuxta
2651 1385 2712 1433 in
2747 1383 2931 1434 eodem
2969 1383 3178 1449 lapide

585 1476 779 1524 extant
805 1486 1016 1537 paucae
1051 1469 1313 1535 reliquiae
1349 1468 1497 1519 tituli
1530 1466 1797 1534 alterius).

755 1587 925 1658 1970
986 1589 1045 1652 d.
1077 1609 1152 1651 m.
1185 1611 1232 1652 s.
1272 1587 1282 1671 Ι
1323 1589 1613 1652 Soterichi
1645 1587 1865 1667 publici
1907 1590 1916 1663 Ι
1955 1587 2298 1648 Vestriciani
2346 1607 2375 1647 a
2415 1586 2427 1669 Ι
2467 1588 2838 1668 bybliotheca
2881 1590 3175 1669 porticus

587 1692 595 1777 Ι
647 1694 939 1767 Octaviae,
978 1692 991 1775 Ι
1029 1692 1252 1754 statilia
1297 1690 1501 1771 Helpis
1539 1688 1549 1770 Ι
1588 1689 1827 1767 coniugi
1874 1688 1931 1749 b.
1977 1707 2055 1748 m.
2103 1690 2166 1762 f„
2211 1708 2263 1748 v.
2308 1709 2359 1750 a.
2404 1689 2661 1751 XXVIII.

754 1792 951 1843 Romae
985 1797 1043 1842 in
1079 1792 1258 1843 eodem
1294 1790 1625 1841 columbario
1663 1805 1767 1854 quo
1805 1787 1875 1841 N.
1908 1788 2042 1839 4588
2077 1787 2184 1854 (VI
2215 1789 2589 1841 2549==5492
2625 1790 2766 1840 vidit
2802 1790 3076 1857 Henzoea).

754 1926 921 1996 1971
986 1929 1229 1989 decurio
1269 1933 1278 2005 Ι
1318 1928 1586 2007 Hymnus
1624 1930 1636 2003 Ι
1673 1926 2026 1987 Aurelianus
2063 1930 2072 2007 Ι
2113 1944 2144 1986 3
2199 1925 2569 2006 bybliotheca
2609 1926 2619 2008 Ι
2661 1927 2867 1989 Latina
2907 1930 2916 2003 Ι
2961 1931 3167 2008 porti-

587 2052 691 2095 cus
729 2032 740 2113 Ι
782 2030 1077 2104 Octaviae,
1116 2029 1127 2111 Ι
1166 2030 1410 2091 vilicuS.¹
1446 2026 1470 2112 ΙΙ
1503 2029 1744 2100 Quintia
1790 2028 1851 2089 C.
1899 2028 1936 2088 I.
1985 2028 2169 2089 Clara.

754 2131 954 2182 Romae
1001 2130 1074 2181 ad
1115 2132 1258 2180 viam
1292 2129 1527 2194 Appiam
1574 2130 1632 2177 in
1669 2129 1998 2179 columbario
2037 2128 2142 2193 (VI
2171 2130 2546 2181 2547=4431
2593 2129 2731 2180 vidit
2777 2129 3042 2197 Homeri).
3090 2159 3164 2169 —

587 2219 636 2281 1)
672 2215 818 2267 Nota
851 2217 913 2265 in
948 2213 1128 2265 eodem
1164 2213 1521 2275 columbario,
1572 2215 1630 2262 in
1677 2228 1782 2277 quo
1825 2214 1912 2264 liic
1955 2229 2139 2264 servus
2177 2214 2424 2279 publicus
2472 2232 2504 2265 a
2551 2214 2885 2282 bybliotheca
2923 2215 3158 2280 publica

578 2300 777 2366 populo
812 2298 1051 2350 Romano
1098 2299 1163 2348 ab
1211 2297 1432 2348 Octavia
1476 2298 1676 2348 donata
1714 2297 1877 2363 (Plut.
1912 2298 2151 2352 Marcell.
2186 2299 2281 2367 50)
2328 2298 2566 2365 sepultus
2611 2302 2712 2363 eet,
2755 2300 2995 2365 sepultos
3047 2317 3162 2351 esse

582 2385 868 2436 nonnullos
903 2386 1075 2449 ipsius
1114 2382 1381 2446 Octaviae,
1415 2383 1613 2433 multos
1647 2383 1887 2444 filiorum
1923 2386 2036 2433 eius
2072 2384 2289 2434 libertos
2325 2387 2375 2433 el
2408 2399 2586 2434 servos
2621 2383 2705 2449 (C.
2741 2384 2823 2435 VI
2846 2400 2900 2450 p.
2932 2387 3084 2452 909).

753 2500 924 2572 1972
988 2504 1351 2566 Philoxenus
1380 2504 1589 2565 Iulian.
1632 2503 1641 2581 Ι
1683 2505 1901 2583 public.
1948 2506 2022 2566 de
2069 2505 2301 2585 porticu
2340 2506 2349 2585 Ι
2392 2504 2665 2566 Octaviae
2712 2524 2745 2566 a
2789 2506 3153 2569 bibliotheca

581 2606 818 2669 Graeca.

749 2706 963 2769 Romae,
1000 2724 1145 2759 nunc
1180 2707 1409 2773 Neapoli
1446 2706 1554 2772 (VI
1583 2709 1723 2759 2548
1759 2707 1894 2757 vidit
1928 2707 2256 2767 Mommsen).

751 2826 921 2897 1973
987 2829 1076 2890 dis
1121 2829 1341 2890 manib.
1382 2827 1391 2910 Ι
1433 2829 1520 2888 Ti.
1568 2828 1809 2888 Claudio
1846 2825 1853 2906 Ι
1897 2827 2302 2906 Melipthongo
2342 2825 2352 2909 Ι
2393 2827 2832 2889 Obultroniano
2870 2829 2880 2909 Ι
2920 2829 3146 2908 public.

579 2951 608 2990 3
641 2931 858 2993 subsel.
899 2934 911 3007 Ι
947 2931 1345 3002 tribunorum,
1386 2930 1396 3010 Ι
1435 2932 1545 2992 vix.
1579 2949 1720 2992 333.
1753 2930 1871 3004 XL,
1912 2927 1923 3010 Ι
1964 2929 2294 2990 Primitivus
2334 2928 2343 3010 Ι
2384 2930 2534 3008 patri
2566 2930 2847 2992 carissim.
2883 2926 2893 3013 Ι
2926 2931 3146 3009 posuit.

750 3029 946 3081 Romae
992 3030 1065 3081 ad
1104 3033 1246 3081 viam
1291 3031 1522 3095 Appiam
1570 3047 1679 3096 rep.
1731 3029 1838 3094 (VI
1874 3031 2012 3082 2540
2059 3029 2198 3080 vidie
2239 3029 2558 3096 Bor-mann).
2605 3059 2671 3068 —
2718 3031 2797 3080 De
2843 3034 3065 3082 nomine
3100 3033 3149 3078 et

580 3115 893 3165 condicione
930 3116 1088 3164 liuius
1110 3115 1466 3181 Mele'ptlzongi
1497 3113 1567 3175 cs.
1594 3115 1882 3166 Mommsen
1909 3114 2135 3166 Staatsr.
2173 3113 2235 3165 1³
2263 3131 2318 3180 p.
2355 3115 2457 3167 324
2495 3120 2605 3166 not.
2640 3115 2688 3176 4,
2722 3132 2777 3182 p.
2811 3117 2922 3168 522
2957 3121 3071 3168 not.
3093 3119 3145 3175 5,

579 3200 643 3250 de
679 3198 866 3260 officio
902 3201 1017 3248 eius
1052 3201 1120 3249 ib.
1158 3215 1211 3265 p.
1246 3201 1355 3251 525
1391 3204 1498 3252 not.
1535 3202 1583 3251 6.

1873 3299 1886 3302 Ᾰ
1895 3297 2186 3304 ——-.-—-.—-.

748 3332 919 3403 1974
984 3337 1039 3397 d.
1086 3355 1165 3399 m.
1205 3342 1214 3417 Ι
1254 3337 1429 3398 Soter
1473 3355 1672 3398 servos
1716 3337 1990 3417 publicus
2039 3336 2046 3419 Ι
2097 3338 2382 3399 castellar.
2442 3357 2627 3417 aquae
2672 3339 2966 3400 Annionis
3014 3346 3141 3412 (sic)

581 3435 588 3510 Ι
638 3439 879 3511 vetem,
939 3439 1077 3499 fecit
1121 3439 1360 3518 coniugi
1407 3435 1863 3520 benelmerenti,
1924 3449 1983 3500 et
2037 3439 2100 3500 L.
2149 3437 2552 3521 Calpurnius}
2603 3440 2914 3502 Flavianus
2971 3440 3143 3502 matri

580 3538 1027 3624 benelmeoenti,
1073 3540 1185 3601 sibi
1233 3548 1292 3602 et
1334 3541 1456 3602 suis
1497 3541 1507 3623 Ι
1547 3542 1863 3620 posterisq.
1913 3560 2138 3602 eorum.

748 3639 961 3703 Romae,
997 3655 1141 3690 mmo
1178 3640 1443 3691 Cor-lonae
1480 3643 1588 3702 (Vl
1613 3643 1748 3694 2544
1770 3644 1987 3694 ==8493
2023 3642 2159 3692 vidit
2195 3641 2509 3700 Bormann).

751 3772 919 3844 1975
986 3777 1041 3836 d.
1102 3798 1178 3838 m.
1219 3740 1486 3858 {Laetus
1546 3778 1819 3857 publicus
1874 3779 2080 3859 populi
2132 3779 2142 3860 Ι
2192 3779 2500 3852 Romani¹⁹
2562 3780 2837 3858 aquarius
2893 3779 2902 3861 Ι
2955 3797 3138 3859 aquae

578 3878 875 3939 Annionis
918 3880 1133 3940 veteris
1171 3878 1181 3961 Ι
1233 3881 1457 3941 castelli
1515 3882 1637 3941 viae
1685 3880 1928 3942 Latinae
1973 3892 2181 3943 contra
2218 3881 2228 3962 Ι
2271 3882 2599 3956 Dracones»,
2659 3891 2717 3942 et
2763 3881 2956 3943 Flavia
3003 3883 3137 3942 Dio·

579 3981 746 4061 nysia
784 3978 794 4062 Ι
835 3982 1013 4042 secer.
1046 3981 1156 4042 sibi
1189 3993 1249 4042 et
1277 3982 1480 4043 Auliae
1512 3983 1779 4062 Argyridi
1821 3980 1831 4064 Ι
1871 3983 2040 4055 filiae,
2086 3984 2225 4045 vixit
2255 4001 2393 4043 ann.
2428 3982 2641 4043 XXIIII
2690 4003 2768 4045 m.
2800 3983 2855 4044 11
2900 3985 2956 4044 d.
2990 3981 3135 4052 vul,

579 4093 636 4144 et
674 4080 683 4163 Ι
723 4081 825 4142 lib.
874 4083 1038 4143 liber.
1086 4085 1398 4163 posterisq.
1447 4103 1673 4145 eorum.
1748 4084 1818 4144 H.
1854 4103 1929 4144 m.
1981 4079 2080 4169 [In]
2129 4105 2178 4145 e.
2214 4104 2272 4144 3.
2320 4105 2367 4146 s.
2410 4085 2418 4163 Ι
2458 4084 2641 4146 Dolus
2686 4085 2875 4147 malus
2917 4086 3135 4156 abesto,

581 4196 641 4245 et
699 4183 709 4268 Ι
775 4184 1105 4247 Calventiae
1178 4182 1519 4270 [Pa]etinae
1589 4187 1673 4247 itu
1741 4186 1961 4247 aditum
2019 4184 2028 4265 Ι
2091 4182 2427 4272 ambitu[m]
2492 4234 2504 4247 .
2566 4233 2580 4246 .
2643 4232 2656 4246 .
2728 4183 3136 4272 [mon]umenti

620 4288 899 4348 eminent.

581 4308 614 4366 μ
754 4387 977 4438 Trebiae
1012 4390 1069 4438 in
1112 4387 1351 4451 Umbria,
1397 4390 1629 4453 originis
1662 4389 1904 4439 urbanae
1939 4389 1967 4450 (
1969 4388 2047 4439 VI
2074 4390 2212 4440 2545
2262 4389 2341 4438 bis
2376 4389 2647 4455 descripta
2694 4404 2829 4440 sanc.
2869 4387 3035 4454 XVI).
3071 4411 3136 4422 -

590 4476 636 4534 l)
672 4471 894 4522 Lacuna
930 4474 1208 4524 indicatur
1245 4477 1302 4523 in
1338 4475 1683 4539 apographis,
1720 4475 1896 4524 nescio
1933 4488 2062 4523 num
2095 4478 2255 4525 recte.

754 4555 959 4608 Titulos
980 4574 1256 4609 servorum
1277 4558 1614 4624 publicorum
1639 4558 1980 4608 addictorum
2014 4560 2330 4611 sacerdotiis
2355 4560 2598 4611 dabimus
2622 4557 2774 4619 infra
2793 4562 2921 4624 post
2954 4556 3134 4608 titulos

574 4641 928 4693 sacerdotum.
