3432 5387
965 457 1320 512 Monumenta
1355 457 1619 512 historica
1652 456 1861 511 liberae
1897 457 1978 512 rei
2012 457 2284 525 publicae.
2870 457 2908 513 3

342 629 421 681 VI
450 630 625 691 ⁴2905
659 627 865 680 Bitschl
897 631 1000 680 tab.
1040 628 1221 694 XLg).
1262 657 1326 666 —
1366 628 1593 680 Videtur
1630 645 1738 678 esse
1773 629 1833 682 L.
1872 628 2054 695 Scipio
2092 632 2342 693 quaestor
2377 645 2427 682 a.
2450 630 2550 681 587
2584 636 2910 684 memoratus

336 731 370 763 a
408 714 570 765 Livio
606 717 690 778 45,
723 716 802 765 44.

424 867 470 934 6
491 932 511 973 ¹
534 923 619 972 Π,
1160 870 1267 931 Cn.
1300 869 1611 931 Cornelius
1648 869 1755 930 Cn.
1791 870 1828 930 i'.
1879 930 1942 971 m
1967 931 2028 972 m
2053 871 2251 952 Scipio
2284 870 2614 952 Hispanus¹

1157 990 1272 1053 pr„
1317 971 1427 1032 aid.
1474 990 1622 1045 cur„
1670 990 1749 1050 q.‚
2050 982 2122 1033 tr.
2157 974 2276 1035 mil.
2310 974 2382 1047 ΙΙ,
2427 973 2567 1035 Xvir
2606 975 2673 1036 sl.
2706 974 2909 1048 iudik„

2217 1074 2357 1136 Xvir
2386 1094 2536 1139 sacr.
2569 1077 2678 1139 sac.

577 1178 837 1239 Virtutes
876 1177 1115 1257 generis
1158 1176 1329 1238 micis
1373 1175 1637 1237 moribus
1668 1175 2067 1248 accumulavi,

619 1278 1006 1361 progeniem³
1050 1278 1249 1359 genui,
1295 1280 1446 1340 sacta
1490 1278 1671 1358 patris
1716 1278 1913 1358 petiei.

576 1381 864 1443 Maiorum
896 1382 1141 1462 optenui
1174 1381 1427 1452 laudem,
1460 1390 1526 1441 ut
1547 1378 1692 1441 sibei
1726 1398 1820 1440 me
1846 1399 1939 1440 ess
1959 1398 1991 1440 e
2037 1389 2297 1441 creatum

617 1485 948 1557 laetentur3
1047 1482 1292 1562 stirpem
1391 1482 1719 1544 nobilitavit
1814 1483 2044 1543 honor.

519 1584 719 1635 Romae
731 1622 747 1649 ,
798 1584 978 1634 eodem
1022 1584 1136 1634 Ioco
1173 1599 1277 1648 quo
1313 1581 1383 1637 Ν.
1419 1583 1447 1634 4
1484 1586 1729 1648 repertae
1776 1581 1990 1631 tabulae
2025 1587 2131 1632 tres
2164 1598 2234 1632 ecc
2269 1582 2445 1649 lapide
2476 1582 2687 1634 Albano
2736 1582 2793 1644 (I
2820 1583 2909 1636 38.

342 1670 425 1721 Vl
446 1671 614 1731 1293‚·
649 1668 855 1720 Bitschl
888 1671 993 1720 tab.
1028 1667 1250 1732 XLIII).
1285 1696 1353 1706 --
1394 1670 1441 1731 1)
1478 1667 1705 1717 Videtur
1742 1683 1853 1716 esse
1889 1665 1979 1718 Cn.
2020 1665 2296 1717 Cornelius
2331 1672 2681 1732 cognomento
2718 1666 2908 1733 Hispa-

342 1772 462 1820 nus,
508 1758 701 1804 missus
736 1770 786 1804 a.
821 1756 919 1805 605
953 1752 1028 1803 ad
1060 1758 1213 1804 arm'a
1251 1769 1283 1802 a
1322 1753 1858 1817 Carthaginiensibus
1894 1751 2205 1817 accipienda
2244 1753 2503 1818 (Appian.
2536 1753 2654 1803 Lib.
2690 1755 2799 1815 80),
2847 1754 2908 1802 in

342 1843 630 1892 tribunatu
685 1839 891 1890 scilicet
943 1837 1209 1889 alterutro
1270 1843 1367 1890 aut
1423 1840 1481 1888 in
1528 1842 1846 1903 quaestura,
1899 1842 2123 1902 praetor
2158 1840 2485 1902 peregrinus
2529 1855 2579 1890 a.
2611 1837 2709 1889 645
2756 1838 2904 1900 (Val.

344 1926 494 1977 Max.
519 1926 567 1990 1,
588 1926 643 1990 δ’,
665 1928 721 1989 5,
756 1926 848 1975 ubi
882 1923 1187 1990 appellatur
1210 1921 1486 1989 Hispalus).
1510 1951 1578 1959 —
1615 1924 1665 1987 2)
1699 1921 1929 1973 Numeri
1961 1925 2102 1986 sunt,
2138 1923 2330 1987 quibus
2366 1922 2579 1973 tabulae
2614 1923 2909 1987 distingue-

341 2014 559 2073 bantur.
593 2039 661 2047 —
701 2011 751 2075 3)
789 2010 852 2060 In
887 2008 1064 2074 lapide
1094 2013 1216 2073 posi
1250 2009 1546 2074 progeniem
1585 2012 1741 2058 extat
1775 2009 1944 2072 hasta,
1981 2023 2142 2072 quam
2188 2010 2521 2074 coniungens
2568 2025 2688 2060 cum
2723 2009 2906 2058 littera

335 2096 693 2164 praecedente
729 2093 1081 2145 Mommsenus
1117 2091 1250 2157 legit
1282 2091 1526 2159 progenie
1562 2093 1630 2143 mi
1670 2095 1730 2153 (i.
1756 2109 1799 2142 e.
1834 2092 2131 2159 progeniem
2166 2092 2311 2157 mihi)
2348 2094 2527 2159 genui,
2559 2097 2722 2161 prius
2755 2109 2910 2146 voca-

338 2182 523 2233 bulum
560 2183 830 2246 accipiens
856 2194 961 2244 pro
998 2176 1216 2244 dactylo
1227 2196 1248 2240 ;
1285 2176 1608 2228 contradicit
1642 2177 1848 2228 Bitschl
1883 2193 2057 2242 opusc.
2082 2180 2115 2228 4
2144 2195 2201 2244 p.
2220 2181 2342 2233 539.

512 2316 553 2383 7
1054 2315 1119 2376 L.
1153 2314 1462 2378 Cornelius
1507 2315 1613 2376 Cn.
1660 2317 1699 2375 f.
1748 2317 1854 2378 Cn.
1903 2336 1962 2377 n.
2009 2316 2225 2397 Scipio.

164 2385 650 2479 Qssebssss‘fl‘
794 2418 1001 2498 Magna
1045 2418 1331 2498 sapientia
1370 2416 1380 2500 Ι
1421 2419 1753 2498 multasque
1796 2419 2046 2481 virtutes

795 2529 979 2582 aetate
1027 2540 1208 2601 quom
1254 2538 1427 2599 parva
1468 2517 1478 2601 Ι
1515 2520 1747 2600 posidet
1794 2522 1910 2582 hoc
1953 2539 2206 2583 saxeum.

795 2623 1007 2697 Quoiei
1050 2623 1164 2683 vita
1208 2622 1610 2706 defeciussnon
1654 2618 1664 2704 Ι
1701 2623 1912 2699 honos,
1957 2624 2232 2684 honore.¹

797 2727 852 2789 Is
895 2727 991 2788 hic
1034 2727 1199 2801 situs,
1245 2727 1381 2805 quei
1428 2744 1734 2804 nunquam
1775 2723 1786 2807 Ι
1825 2728 2013 2788 victus
2058 2736 2150 2788 est
2191 2726 2447 2787 virtutei.

795 2831 1005 2891 Annos
1048 2838 1262 2908 gnatus
1304 2826 1410 2887 XX
1453 2827 1503 2888 is
1541 2825 1550 2908 Ι
1592 2827 1650 2887 1.
1678 2873 1692 2887 .
1720 2828 1844 2889 eis²
1886 2830 2226 2892 mandatus:

798 2951 873 2994 ne
919 2931 1197 3011 quairatis
1240 2930 1471 2990 honore
1510 2927 1519 3012 Ι
1561 2929 1700 3008 quei
1745 2929 1943 2992 minus
1986 2931 2062 2992 sit
2105 2933 2431 2993 mandatus,

508 3032 710 3085 Romae
743 3049 854 3099 rep.
892 3035 952 3082 in
986 3032 1230 3097 sepulcro
1267 3029 1609 3095 Scipionum,
1656 3031 1842 3080 tabula
1887 3033 2222 3096 sarcophago
2258 3036 2386 3097 apta
2423 3033 2480 3095 (1
2507 3034 2593 3085 54.
2629 3031 2710 3085 VJ
2740 3033 2907 3097 128ae

334 3117 547 3169 Bitschl
582 3119 688 3169 lab.
713 3117 877 3182 XLI).
914 3146 978 3154 —
1019 3117 1244 3168 Carmen
1280 3118 1539 3166 tractavit
1571 3115 1862 3166 Buecheler
1897 3116 2008 3167 ind.
2045 3117 2157 3168 lect.
2181 3117 2352 3168 Bonn.
2380 3117 2505 3170 ¹876
2529 3124 2655 3170 aest.
2675 3135 2730 3185 p.
2753 3122 2804 3173 9.
2839 3148 2907 3158 —

331 3203 398 3253 Ε.
439 3202 502 3266 Q.
523 3202 831 3253 Viscontius
864 3201 1075 3251 rettulit
1108 3201 1181 3251 ad
1209 3198 1441 3261 fratrem
1474 3203 1736 3251 minorem
1775 3201 1864 3253 Cn.
1903 3201 2139 3253 Cornelii
2172 3200 2443 3268 Scipionis
2483 3204 2709 3269 Hispani
2740 3202 2808 3258 Ν.
2842 3207 2908 3267 6,-

331 3287 430 3338 sed
463 3304 553 3337 res
581 3287 746 3353 plane
780 3289 1005 3338 incerta.
1044 3315 1107 3323 —
1156 3287 1205 3350 1)
1245 3285 1409 3337 Casus
1444 3290 1704 3351 quartus‚·
1754 3290 1892 3352 viia,
1937 3303 2046 3338 non
2082 3289 2300 3338 honesta
2335 3287 2568 3352 indoles,
2612 3287 2788 3348 defuit
2822 3290 2906 3339 de·

330 3373 532 3433 functo
581 3371 654 3422 ad
696 3374 952 3422 honorem
997 3371 1409 3437 capessendum,·
1457 3371 1583 3422 lusit
1621 3375 1784 3437 poeta
1820 3375 1880 3422 in
1915 3374 2170 3436 ambigua
2216 3372 2616 3438 significatione
2660 3374 2906 3424 vocabuli

328 3459 564 3509 honoris
600 3456 771 3521 (Ma).
805 3483 875 3492 —
923 3458 975 3517 2)
1012 3455 1211 3519 l[oc]eis
1245 3457 1512 3522 supplevit
1543 3456 1648 3510 Mo.
1686 3456 2024 3522 (intellegens
2058 3457 2124 3507 de
2156 3457 2479 3523 sepulchro),
2512 3457 2717 3522 d[iv]eie
2753 3457 2906 3521 (nam

326 3544 575 3608 primum
612 3541 919 3591 elementum
954 3556 1105 3603 posse
1138 3557 1408 3606 superesse
1443 3558 1513 3592 ex
1547 3540 1577 3591 d
1613 3539 1824 3605 fracta)
1863 3544 2171 3594 Buecheler.

512 3673 558 3739 8
1199 3721 1245 3738 ..
1267 3672 1628 3762 [Co]1·nelius
1658 3678 1726 3738 L.
1759 3681 1798 3738 f.
1832 3677 1897 3739 L.
1933 3698 1990 3739 n.

1246 3774 1497 3863 [Sci‘jpio
1525 3781 1857 3860 Asiagenus

1402 3883 1677 3945 Comatus
1723 3902 1975 3944 annoru.

1399 3995 1613 4063 gnatus
1655 3984 1784 4046 xvl

510 4083 704 4135 Romae
739 4100 852 4150 rep.
888 4086 966 4135 ibi
1000 4087 1094 4135 ubi
1116 4083 1184 4136 N.
1208 4085 1236 4136 4
1254 4100 1359 4148 seq.
1400 4084 1558 4145 (136.
1595 4084 1858 4148 V11291,·
1893 4083 2096 4136 Rilschl
2129 4085 2233 4135 lab.
2271 4083 2364 4134 XL
2379 4084 2457 4146 Ιι).
2492 4112 2560 4122 -
2595 4085 2781 4151 Scipio
2817 4085 2904 4135 hic

328 4168 630 4231 defunctus
675 4169 982 4221 adulescens
1030 4185 1139 4219 non
1181 4167 1295 4230 fuit
1338 4167 1488 4230 filius
1534 4173 1651 4219 eius
1696 4173 1792 4234 qui
1831 4173 2040 4234 primus
2083 4185 2152 4219 ea:
2193 4170 2324 4219 Asia
2372 4172 2785 4233 cognominatus
2829 4174 2905 4220 esi

328 4257 545 4310 (obstat
580 4257 720 4303 enim
750 4270 1078 4318 praenomen
1112 4257 1246 4318 avi),
1279 4257 1458 4317 potest
1490 4253 1660 4310 fuisse
1693 4256 1810 4303 eius
1845 4270 2021 4319 nepos.
2092 4315 2097 4319 .

510 4389 555 4456 9
1057 4435 1762 4451 ............
1809 4412 1837 4452 s

928 4537 1633 4553 ............
1665 4489 2058 4578 [Sci]pionem

924 4639 1634 4655 ............
1689 4592 1811 4681 [qu]
1821 4598 1927 4657 oad
1976 4595 2176 4656 veixei.

507 4696 706 4748 Romae
738 4712 850 4761 rep.
886 4697 965 4746 ibi
998 4697 1092 4746 ubi
1126 4694 1193 4747 Ν.
1218 4695 1384 4760 iseq„
1420 4693 1790 4764 fragmentum
1823 4698 2148 4761 sarcophagi
2182 4696 2239 4750 (Ι
2262 4697 2346 4748 37.
2387 4695 2469 4745 VI
2498 4696 2664 4759 42925
2698 4695 2903 4747 Bitschl

321 4784 439 4834 tab.
468 4780 643 4846 XLJ‘).
741 4778 821 4841 cr.
864 4779 1153 4830 Buecheler
1188 4780 1299 4833 ind.
1337 4780 1452 4830 lect.
1490 4782 1645 4831 Bonn
1680 4780 1807 4831 4876
1843 4784 1968 4831 aest.
2002 4797 2055 4843 p.
2072 4783 2122 4832 9.

2171 4879 2286 4883 ——
2337 4879 2394 4884 -μ
2635 4875 2897 4883 ———-

2417 4921 2487 4969 ι*
