3432 5387
970 388 1324 444 Monumenta.
1359 388 1623 445 historica
1656 389 1864 445 liberae
1898 390 1981 444 rei
2013 390 2286 461 publicae.
2566 431 2570 436 ·
2822 393 2899 450 15

326 561 530 611 deinde
563 564 800 612 sortitus
832 565 911 611 est
946 560 1341 622 Macedoniam,
1401 578 1471 611 ex
1520 578 1626 627 qua
1659 564 1871 614 rediens
1905 565 2038 614 obiit
2072 563 2238 626 (Suet.
2269 565 2411 628 Aug.
2447 567 2477 615 4
2509 564 2621 628 aL).
2698 563 2906 614 Titulos

326 648 397 698 N.
418 648 617 699 47—49
638 647 714 697 ad
728 649 1032 697 sacrarium
1051 646 1276 711 aliquod
1298 647 1488 697 domus
1504 649 1802 715 Augustae,
1825 652 1883 700 in
1903 665 2007 715 quo
2031 652 2294 713 imagines
2314 651 2502 715 stirpis
2526 650 2906 716 imperatoriae

331 725 862 799 coniunctorumque
896 729 1237 793 familiarum
1264 737 1581 799 propositae
1613 733 1844 800 fuerint,
1870 738 2032 799 putat
2064 734 2431 786 Mommsenus.

515 885 604 955 48
673 887 954 949 C.1ulius
997 889 1064 949 L.
1099 891 1137 949 f.
1173 889 1387 951 Caesar
1425 886 1436 969 Ι
1475 888 1707 962 Strabo,
1749 885 1759 969 Ι
1799 890 1925 952 aed.
1972 908 2132 962 cur.,
2180 908 2272 968 q.‚
2317 897 2391 948 tr.
2438 888 2558 949 mil.
2604 888 2714 963 bis,
2765 887 2905 948 Xvir

328 1010 459 1071 agr.
508 992 687 1052 dand.
735 992 882 1052 adtr.
929 992 1083 1064 iud.‚
1129 992 1340 1072 pontis.

510 1092 728 1155 Romae,
762 1107 897 1142 saec.
922 1090 1023 1142 XV
1046 1095 1100 1140 et
1124 1090 1252 1142 XVI
1284 1095 1344 1141 in
1373 1095 1584 1157 pariete
1618 1093 1850 1157 quodam
1885 1095 2045 1141 iuxta
2081 1090 2264 1152 forum
2299 1092 2540 1155 Augusti
2571 1091 2785 1155 saepius
2819 1089 2906 1139 de-

328 1179 540 1242 scripta
578 1175 689 1239 (VI
717 1176 891 1239 4540).
965 1173 1045 1235 cf.
1081 1176 1369 1228 Mommsen
1407 1176 1459 1231 C.
1498 1179 1530 1228 Ι
1555 1194 1608 1243 ρ.
1645 1179 1764 1238 278,
1792 1190 1872 1228 17.
1920 1206 1983 1214 —-
2035 1178 2120 1227 De
2154 1178 2253 1227 hoc
2286 1179 2423 1240 viro,
2470 1177 2529 1226 in
2567 1176 2761 1225 litteris
2795 1189 2904 1224 non

332 1264 518 1312 minus
541 1277 704 1327 quam
726 1265 786 1311 in
810 1278 870 1310 re
890 1262 1113 1321 publica
1140 1262 1304 1323 clar0,
1324 1265 1527 1328 passim
1551 1268 1842 1314 memorato
1866 1280 1899 1313 a
1922 1262 2190 1327 Cicerone,
2215 1259 2285 1321 cl:
2303 1266 2520 1327 praeter
2545 1261 2679 1312 alios
2703 1258 2908 1321 Teuffel

332 1347 448 1399 Lit.
485 1350 536 1411 §.
569 1348 756 1411 15:233.
815 1346 1029 1398 Occisus
1064 1353 1141 1398 est
1175 1365 1224 1399 a.
1247 1346 1356 1399 667.

520 1499 605 1570 49
670 1503 748 1563 Μ.
782 1503 980 1565 Livius
1023 1504 1101 1566 Μ.
1133 1505 1173 1565 f.
1207 1504 1269 1565 C.
1307 1525 1366 1565 n.
1400 1503 1627 1567 Drusus
1670 1506 1968 1586 pontifex,
2015 1515 2090 1565 tr.
2127 1504 2269 1575 mil„
2314 1500 2456 1561 Xvir
2501 1501 2641 1563 suit.
2685 1499 2904 1570 iudic.¹‚

334 1617 413 1667 tr.
450 1607 555 1686 pL,
601 1604 743 1666 xvir
785 1625 835 1667 3.
882 1608 937 1668 d.
985 1625 1035 1667 3.
1083 1608 1212 1686 lege
1258 1627 1362 1669 sua
1408 1618 1468 1668 et
1511 1608 1718 1669 eodem
1763 1626 1922 1668 auno
1957 1607 2089 1666 Vvir
2133 1624 2184 1664 a.
2230 1604 2285 1664 d.
2333 1623 2384 1663 a.
2430 1604 2559 1682 lege
2604 1595 2903 1685 Saure[1·]a,

336 1710 399 1769 in
449 1709 793 1788 magistratu
839 1710 1070 1772 occisus
1115 1720 1223 1771 est.

513 1807 728 1870 Romae,
777 1808 892 1859 loco
927 1812 1243 1860 accuratius
1285 1826 1394 1861 non
1430 1810 1653 1873 definito
1696 1810 1772 1873 (V
1775 1811 1805 1861 Ι
1835 1812 1968 1862 4542
2004 1809 2077 1859 ad
2110 1806 2410 1873 exemplum
2445 1806 2666 1854 unicum
2696 1800 2904 1862 sactum

336 1909 476 1948 saec.
494 1893 641 1955 XVI,
679 1909 760 1944 vv.
796 1909 905 1945 non
942 1895 1168 1952 divisis),
1231 1893 1311 1955 Os}
1350 1896 1640 1947 Mommsen
1666 1896 1719 1947 C.
1745 1897 1775 1946 Ι
1803 1913 1854 1962 p.
1881 1896 1998 1960 279,
2032 1906 2132 1945 VII.
2167 1921 2236 1932 —-
2273 1893 2511 1942 Pertinet
2544 1888 2617 1938 ad
2651 1887 2904 1937 celebrem

339 1981 618 2029 ‘numm
652 1978 821 2044 Ριθῡῐῧ
856 1995 902 2031 ‘1-
923 1982 1036 2041 ⁶65,
1076 1981 1141 2030 de
1177 1983 1331 2030 cuius
1368 1982 1574 2046 legibus
1610 1979 1680 2042 cl'.
1712 1982 1831 2033 Liv.
1857 1998 1936 2046 ep.
1961 1981 2039 2041 74,
2087 1980 2320 2045 Appian.
2348 1979 2395 2028 b.
2427 1993 2470 2030 c.
2496 1976 2543 2039 4,
2564 1976 2654 2039 33,
2702 1971 2766 2022 de
2800 1973 2905 2022 vir.

336 2066 417 2118 ill.
455 2081 499 2119 c.
525 2068 610 2119 66.
683 2064 938 2126 Saufeius
976 2066 1188 2116 videtur
1220 2064 1389 2125 l'uisse
1435 2065 1641 2131 collega
1676 2066 1826 2117 Livii
1860 2068 1915 2116 in
1955 2067 2250 2115 tribunatu.
2309 2092 2372 2100 —-
2431 2065 2478 2125 1)
2517 2060 2817 2124 Quae-stura
2854 2061 2906 2105 el

340 2152 613 2216 aedilitas,
646 2152 838 2216 quibus
859 2149 1108 2211 functum
1132 2168 1241 2201 esse
1264 2150 1477 2201 Livium
1504 2153 1674 2203 tradit
1698 2155 1893 2201 auctor
1928 2153 1991 2202 de
2015 2153 2148 2201 viris
2172 2150 2251 2201 ill.
2277 2166 2319 2200 c.
2343 2150 2422 2209 66,
2459 2148 2653 2197 absunt
2676 2141 2907 2203 fortasse

337 2237 495 2303 culpa
531 2238 895 2302 descriptoris.

803 2560 1071 2656 Elegia
1124 2561 1265 2634 fori
1316 2559 1657 2653 Augusti.
1765 2559 2032 2653 Elogia
2083 2557 2443 2633 Arretina.

518 2698 823 2761 Augustum
845 2695 1043 2748 Romae
1077 2700 1136 2745 in
1172 2692 1297 2754 l'oro
1334 2698 1567 2746 nominis
1599 2698 1688 2745 sui
1724 2695 2046 2746 dedicavisse
2091 2697 2301 2744 statuas
2336 2692 2607 2743 clarorum
2643 2693 2903 2753 virorum,

338 2783 541 2834 ducum
560 2783 902 2846 potissimum
927 2785 980 2831 et
1003 2783 1456 2846 triumphatorum
1472 2820 1488 2844 ‚
1524 2781 1726 2832 additis
1742 2784 1928 2846 gestis,
1963 2780 2191 2830 tradunt
2212 2783 2460 2830 auctores
2494 2774 2590 2840 (cll
2616 2776 2904 2827 Mommsen

338 2868 366 2917 1
396 2883 455 2933 p.
477 2868 580 2919 284
597 2871 745 2932 seq).
814 2866 1019 2916 Horum
1068 2869 1308 2933 ipsorum
1359 2867 1657 2930 elegiarum
1701 2881 1880 2932 pauca
1931 2870 2140 2916 tantum
2185 2861 2497 2929 fragmenta
2544 2864 2619 2914 ad
2654 2878 2753 2912 nos
2780 2877 2904 2927 per-

342 2956 628 3013 venerunt,
680 2953 923 3017 plurium
969 2957 1184 3001 servata
1231 2957 1361 3002 sunt
1410 2954 1651 3017 exempla
1700 2969 1838 3018 quae
1882 2951 2153 3018 lapidibus
2197 2949 2466 3015 insculpta
2514 2949 2720 3000 Arretii
2766 2949 2904 2997 cives

340 3037 490 3102 apud
524 3053 580 3087 se
616 3038 878 3088 collocare
914 3036 1214 3089 voluerunt.
1287 3037 1369 3088 lca
1406 3041 1547 3087 enim
1582 3039 1961 3104 explicandum
1997 3054 2119 3098 esse,
2170 3037 2314 3102 quod
2360 3036 2593 3100 elogium
2646 3033 2701 3088 C.
2740 3032 2906 3083 Marii

340 3121 408 3174 N.
439 3124 508 3173 59
536 3136 710 3187 paene
744 3126 915 3173 totum
951 3126 1222 3187 repertum
1254 3125 1327 3173 sit
1362 3125 1420 3173 in
1459 3123 1637 3188 lapide
1674 3124 1905 3186 Arretii,
1948 3139 2081 3189 pars
2117 3128 2292 3174 autem
2329 3125 2444 3173 eius
2486 3124 2546 3172 in
2582 3121 2692 3171 alio
2731 3116 2905 3182 lapide

340 3208 568 3273 Romae,
622 3207 748 3257 olim
802 3209 937 3258 vidit
983 3206 1303 3261 Morcellius.
1373 3206 1563 3273 Nuper
1618 3212 1798 3258 autem
1854 3212 2015 3259 etiam
2060 3211 2228 3276 Appii
2274 3208 2489 3260 Claudii
2540 3211 2591 3256 et
2636 3206 2694 3270 Q.
2741 3205 2906 3256 Fabii

340 3293 576 3344 Maximi
608 3292 925 3357 elegiarum,
963 3298 1121 3345 antea
1156 3312 1226 3345 ecc
1247 3295 1524 3344 Arretinis
1558 3297 1770 3344 tantum
1806 3293 2076 3359 lapidibus
2111 3300 2382 3359 notorum,
2417 3290 2656 3352 frustula
2690 3295 2904 3354 reperta

337 3385 468 3430 sunt
502 3377 699 3429 Romae
732 3381 792 3428 in
828 3381 961 3444 ipsis
994 3377 1109 3439 fori
1133 3380 1373 3445 Augusti
1405 3380 1693 3430 ruderibus
1728 3383 1801 3442 (υ.
1826 3379 1895 3432 Ν.
1915 3383 2125 3445 5436).
2162 3408 2229 3418 —
2263 3379 2406 3431 Num
2441 3382 2501 3429 in
2535 3379 2662 3428 aliis
2696 3390 2904 3439 quoque

339 3464 556 3530 oppidis
581 3464 772 3514 ltaliae
786 3467 1303 3532 provinciarumque
1327 3465 1506 3530 elogia
1530 3462 1646 3526 fori
1668 3466 1907 3530 Augusti
1930 3469 2156 3531 repetita
2179 3469 2305 3526 sint,
2342 3465 2518 3516 adhuc
2545 3478 2653 3513 non
2679 3463 2903 3512 constat.

341 3551 487 3602 Sane
522 3550 714 3600 similis
748 3549 915 3614 elogii
949 3546 1315 3614 fragmentum
1345 3551 1559 3617 prodiit
1594 3550 1920 3615 Carthagine
1957 3553 2120 3618 (Eph.
2158 3566 2236 3617 ep.
2261 3553 2307 3615 7,
2332 3551 2469 3612 478).
2541 3549 2672 3599 Item
2705 3545 2905 3597 similes

338 3640 472 3685 sunt
517 3636 666 3685 tituli
698 3636 964 3701 Pompeiis
998 3639 1202 3701 reperti
1233 3637 1446 3687 Aeneae
1493 3640 1543 3689 et
1576 3635 1793 3688 Romuli
1827 3636 2004 3700 (infra
2039 3637 2108 3691 N.
2139 3639 2354 3701 6564),
2404 3652 2536 3702 quos
2571 3639 2623 3685 et
2657 3638 2799 3699 ipsos
2835 3647 2905 3681 σω

343 3722 519 3771 titulis
556 3722 782 3773 urbanis
814 3720 932 3781 l'ori
962 3722 1206 3787 Augusti
1237 3738 1515 3787 expressos
1548 3739 1657 3772 esse
1693 3724 1923 3773 coniecit
1957 3722 2261 3773 Mommsen.

515 3856 603 3926 50
675 3859 770 3919 Μ’.
815 3859 1080 3921 Valerius
1118 3859 1129 3942 Ι
1169 3861 1368 3924 Volusi
1414 3863 1452 3923 f.
1495 3859 1506 3943 Ι
1545 3862 1861 3938 Maximus,
1913 3860 1925 3944 Ι
1971 3863 2221 3923 dictator
2238 3861 2275 3936 ¹,
2337 3877 2544 3938 augur.
2634 3858 2904 3919 Primus²

345 3967 521 4041 quam
562 3958 572 4042 Ι
616 3962 797 4023 ullum
843 3963 1249 4042 magistratum
1295 3974 1560 4043 gereret,
1600 3965 1611 4046 Ι
1649 3966 1902 4027 dictator
1943 3965 2136 4026 dictus
2181 3972 2287 4023 est.
2341 3961 2744 4041 Triumphavit
2781 3961 2791 4039 Ι
2830 3958 2902 4019 de

343 4063 581 4126 Sabinis
625 4074 685 4126 et
728 4065 1080 4128 Medullinis.
1170 4065 1409 4128 Plebem
1448 4064 1459 4150 Ι
1497 4069 1571 4130 de
1616 4068 1799 4129 Sacro
1845 4078 2048 4129 monte
2093 4067 2363 4139 deduxit,
2420 4064 2663 4144 gratiam
2703 4061 2715 4144 Ι
2766 4079 2902 4122 cum

343 4166 613 4246 patribus
668 4168 1100 4244 reconciliavit3
1171 4166 1431 4250 faeffnore
1488 4176 1649 4249 gravi
1707 4171 1997 4251 populum
2065 4174 2336 4241 senatus,
2402 4169 2518 4228 hoc
2567 4165 2579 4249 Ι
2631 4166 2756 4228 eius
2817 4164 2902 4224 rei

343 4278 616 4343 auctore,
675 4269 961 4331 liberavit.
1060 4271 1251 4333 Sellae
1299 4271 1310 4353 Ι
1363 4273 1584 4335 curulis
1640 4274 1808 4336 locus
1866 4275 1977 4354 ipsi
2030 4276 2401 4355 posterisque
2454 4267 2464 4354 Ι
2514 4270 2584 4331 ad
2642 4266 2902 4328 Murciae

342 4373 647 4452 spectandi
693 4391 898 4435 caussa
942 4375 1113 4436 datus
1150 4373 1161 4457 Ι
1201 4385 1310 4438 est.
1378 4376 1666 4456 Princeps
1710 4376 1772 4437 in
1818 4387 2088 4438 senatum
2132 4374 2313 4436 semel
2351 4372 2361 4451 Ι
2402 4373 2589 4433 lectus
2632 4378 2738 4431 est.

510 4474 725 4524 Arretii
766 4489 881 4538 rep.
929 4490 979 4527 a.
1016 4475 1146 4528 4688
1192 4477 1370 4539 ibique
1413 4480 1564 4526 extat
1611 4477 1715 4539 (XI
1743 4478 1918 4541 4826).
1988 4476 2290 4527 Illustravit
2331 4473 2619 4524 Mommsen
2655 4469 2685 4520 1
2708 4485 2767 4535 p.
2801 4470 2905 4520 284

343 4575 394 4611 n.
428 4558 624 4610 xxm.
658 4588 728 4598 —
784 4563 834 4624 1)
870 4561 936 4611 A.
970 4562 1070 4613 260
1108 4557 1205 4622 (cf.
1244 4560 1358 4611 Liv.
1392 4563 1445 4623 2,
1480 4566 1565 4623 50,
1600 4565 1753 4627 iseq.
1791 4562 1906 4627 aL).
1942 4591 2007 4600 -
2065 4563 2114 4626 2)
2152 4559 2269 4613 Scr.
2307 4559 2462 4625 prius.
2498 4585 2566 4593 —
2601 4556 2836 4607 Pendere
2869 4571 2902 4603 a

347 4644 563 4694 Valerio
588 4645 815 4695 Antiate
840 4647 1000 4696 huius
1035 4647 1201 4711 elogii
1234 4650 1508 4699 auctorem
1537 4649 1773 4713 probare
1794 4647 2005 4697 studuit
2032 4647 2087 4699 0.
2108 4640 2417 4704 Hirschfeld
2439 4643 2625 4697 philol.
2642 4647 2711 4698 34
2726 4640 2900 4702 (4876)

339 4746 392 4795 p.
417 4732 485 4782 85
500 4747 609 4796 seq.
