3432 5387
1326 407 1497 463 Tituli
1529 408 1811 465 militares.
2712 414 2836 473 515

460 574 634 645 2590
696 578 751 637 d.
797 596 876 638 m.
917 578 927 661 Ι
967 579 1034 640 L.
1082 579 1432 660 Calpurnius
1476 581 1691 645 Valens
1749 584 1910 662 optio
1949 580 1960 665 Ι
2000 583 2132 643 coh.
2176 584 2203 645 l
2261 583 2463 665 Lepid.
2511 606 2604 667 eq.
2652 607 2703 650 c.
2749 591 2844 651 R.¹

286 691 364 738 γ’
422 678 672 751 Pontici,
714 678 724 759 Ι
763 680 903 741 vixit
946 699 1041 742 an.
1087 681 1297 743 XXXX
1340 684 1459 745 mil.
1504 703 1600 745 an.
1644 683 1861 759 XVIII,
1905 684 2222 764 Calpurnia
2266 687 2423 747 Leda
2468 689 2641 751 coiux
2683 692 2844 754 fecit.

460 778 522 828 In
545 778 695 840 Asia,
718 776 950 839 fortasse
973 780 1254 848 Smyrnae,
1289 800 1419 851 rep„
1455 790 1534 836 est
1558 784 1818 850 Lugduni
1841 785 2168 836 Batavorum
2192 785 2475 846 (Leemans
2509 794 2614 842 act.
2646 796 2843 848 maior.

291 863 441 914 acad.
477 863 978 915 Amstelodamensis
1012 866 1092 929 49,
1116 866 1245 919 4890
1281 871 1385 922 tab.
1412 869 1501 922 IV
1523 886 1576 920 n.
1601 870 1662 920 46
1697 867 1771 930 cf.
1803 887 1855 936 p.
1879 870 1974 932 24,
1966 889 1979 901 ·
2011 869 2128 920 vidi
2149 874 2440 940 ectypum).
2464 902 2529 910 —
2569 878 2617 939 1)
2644 875 2845 929 Cohors

279 951 466 1013 prima
504 947 805 1014 Lepidiana
841 952 1035 1001 civium
1072 950 1433 1004 Romanorum
1476 971 1527 1006 a.
1562 956 1627 1005 80
1660 951 1775 1014 fuit
1821 957 1880 1005 in
1916 955 2198 1006 Pannonia
2234 957 2390 1023 (dipl.
2424 957 2553 1025 XI),
2600 977 2648 1013 a.
2682 964 2749 1014 99
2782 966 2843 1015 in

274 1032 494 1111 ‘Moesia
528 1031 793 1094 inferiore
829 1033 1021 1101 (supra
1053 1034 1120 1087 Ν.
1155 1037 1341 1098 4999),·
1377 1037 1557 1087 eadem
1590 1041 1654 1087 ut
1687 1038 1899 1089 videtur
1931 1039 2219 1090 secundum
2242 1040 2508 1094 Notitiam
2543 1045 2691 1111 dign.
2727 1047 2845 1109 (Or.

283 1132 327 1169 c.
349 1118 446 1185 53)
484 1116 599 1180 fuit
630 1120 726 1169 sub
763 1118 895 1169 duce
931 1121 1230 1171 Armeniae.
1267 1149 1332 1159 —-
1371 1123 1421 1185 2)
1460 1118 1745 1184 centuria&
1782 1127 1817 1175 t.
1855 1126 2087 1187 (turma)
2122 1124 2396 1193 Leemans,
2430 1144 2540 1181 non
2572 1135 2731 1182 recte.

458 1251 709 1320 2591.
883 1256 1140 1331 ‚Sin-m„
1194 1256 1406 1340 optio}
1457 1258 1590 1320 coh.
1637 1259 1720 1319 T¹
1763 1261 1895 1340 Alp.
1942 1262 2062 1341 eq.⁸
2105 1278 2140 1321 γ
2184 1263 2466 1346 Memmi,
2524 1284 2619 1328 an.
2664 1268 2841 1330 XLVI

287 1355 299 1438 Ι
332 1355 468 1434 stip.
493 1354 693 1430 XXVI,
725 1299 836 1417 hu.
815 1377 863 1419 s.
895 1376 947 1418 e.
988 1355 998 1440 Ι
1037 1358 1213 1419 Titul.
1240 1360 1322 1438 p.³
1351 1358 1438 1420 Fl.
1470 1360 1605 1421 Rufi
1627 1381 1741 1422 nus
1772 1376 1866 1441 eq.
1899 1362 2034 1425 buc.
2067 1365 2198 1425 coh.
2230 1363 2467 1449 efliusde.
2499 1368 2557 1429 h.
2582 1387 2652 1429 ex
2683 1372 2750 1431 t.⁴
2776 1371 2845 1432 t.⁵

459 1455 1006 1523 Stuhlweissenburg,
1051 1474 1196 1509 nunc
1231 1461 1429 1509 Pestini
1476 1459 1584 1521 (ΙΙΙ
1613 1462 1757 1513 3352
1806 1462 1944 1513 vidit
1976 1462 2305 1530 Mommsen).
2341 1496 2409 1505 —
2458 1470 2506 1531 1)
2541 1468 2658 1522 Scr.
2694 1468 2729 1522 1.
2772 1498 2842 1509 —

285 1541 336 1605 2)
373 1539 573 1591 Cohors
610 1543 795 1607 prima
828 1542 1153 1609 Alpinorum
1197 1546 1437 1608 equitata
1475 1547 1571 1595 sub
1608 1546 1919 1598 Domitiano
1966 1546 2081 1609 fuit
2120 1552 2180 1600 in
2217 1551 2496 1603 Pannonia
2544 1551 2638 1616 (οΓ
2674 1571 2840 1621 supra

281 1623 351 1677 N.
378 1625 545 1691 4997),
578 1627 675 1677 sub
717 1624 954 1677 Traiano
990 1631 1045 1677 et
1066 1629 1162 1678 sub
1186 1628 1464 1680 Antonino
1488 1631 1585 1681 Pio
1611 1633 1669 1681 in
1694 1632 1976 1683 Pannonia
2003 1631 2270 1694 inferiore
2297 1634 2495 1703 (dipl).
2520 1667 2586 1675 —
2611 1638 2663 1704 3)
2693 1639 2841 1691 Titu-

283 1709 394 1759 lum
411 1713 611 1776 posuit.
634 1740 704 1750 —
727 1712 781 1776 4)
805 1713 966 1763 Heres
991 1729 1060 1763 ex
1085 1717 1413 1768 testamento.
1439 1743 1507 1752 —
1532 1717 1583 1781 5)
1605 1716 1924 1768 Extremam
1952 1717 2188 1769 litteram
2212 1720 2426 1772 videtur
2459 1725 2573 1788 ipse
2606 1726 2842 1789 quadra-

283 1797 457 1845 tarius
492 1795 743 1847 delevisse
779 1795 952 1862 (Mo).

449 1912 622 1983 2592
685 1915 741 1976 d.
788 1934 866 1976 m.
906 1915 916 1999 Ι
957 1917 1197 1978 Sabinio
1230 1915 1568 1997 Sabilniano
1613 1939 1685 1981 ex
1729 1919 1991 2002 optilone
2036 1922 2277 1997 nortale,
2318 1919 2329 2005 Ι
2369 1926 2489 1987 mil.
2520 1945 2617 1988 an.
2663 1929 2837 2005 XVII,

287 2014 467 2098 optilo
513 2016 633 2077 mil.
679 2036 773 2079 an.
820 2016 996 2094 VIIII,
1037 2016 1047 2101 Ι
1087 2019 1198 2079 vix.
1244 2037 1340 2079 an.
1386 2018 1614 2095 XXXX,
1675 2020 1915 2103 naltion.
1963 2022 2160 2098 Raet.,
2208 2023 2502 2115 CIauldius
2545 2029 2839 2093 Diodorus

345 2118 471 2179 her.
517 2118 574 2179 b.
621 2136 700 2179 m.
748 2119 786 2179 f.

286 2116 296 2201 Ι
453 2216 649 2270 Romae
665 2235 776 2285 rep.
800 2220 873 2270 ad
893 2222 1034 2269 viam
1055 2219 1380 2272 Labicanum
1404 2237 1515 2271 una
1536 2235 1655 2272 cum
1674 2219 1743 2272 Ν.
1761 2222 1896 2273 2534
1920 2222 2215 2284 (Lanciani
2232 2222 2448 2277 Notizie
2466 2228 2596 2280 4889
2614 2245 2667 2295 p.
2686 2234 2831 2300 340).

451 2354 621 2425 2593
687 2404 701 2417 .
750 2403 764 2417 .
813 2403 827 2417 .
877 2403 891 2418 .
933 2366 943 2436 Ι
980 2378 1057 2419 m.
1092 2404 1107 2419 .
1143 2405 1157 2419 .
1191 2404 1206 2419 .
1238 2360 1299 2420 ul
1331 2405 1346 2419 .
1380 2403 1395 2419 .
1430 2405 1443 2419 .
1477 2354 1674 2445 d[ec.]¹
1709 2358 1724 2443 Ι
1764 2361 1896 2421 cbo.
1944 2361 2020 2422 XI
2067 2363 2237 2425 Gall?
2281 2362 2293 2447 Ι
2342 2367 2516 2427 domo
2565 2368 2776 2445 Patavi,
2825 2369 2835 2449 Ι

282 2477 421 2521 ann.
467 2459 642 2520 XLVI
689 2461 823 2540 stip.
864 2459 875 2541 Ι
911 2459 1033 2520 XV.

453 2561 623 2625 Prope
665 2558 947 2611 Nar-onam
992 2560 1298 2611 Dalmatiae
1345 2558 1452 2625 (ΙΙΙ
1496 2560 1550 2611 S.
1585 2562 1719 2613 8459
1763 2562 1904 2612 vidit
1947 2562 2290 2630 Hirschfeld).
2338 2595 2401 2603 —
2461 2571 2509 2630 1)
2555 2568 2838 2635 Supplevit

280 2644 705 2712 Domaszewski,
749 2646 845 2711 qui
881 2651 1109 2714 propter
1151 2648 1413 2710 originem
1459 2646 1775 2698 patavinam
1822 2651 1982 2698 antea
2023 2649 2291 2714 stipendia
2338 2652 2398 2701 in
2442 2649 2648 2716 legione
2694 2655 2837 2706 hunc

280 2730 546 2781 hominem
566 2729 758 2792 fecisse
782 2736 972 2784 censet.
994 2760 1059 2769 —
1088 2733 1139 2797 2)
1165 2731 1415 2782 Cohortes
1440 2729 1715 2782 Gallorum
1751 2749 1784 2783 a
1813 2734 1995 2797 prima
2030 2749 2196 2798 usque
2231 2735 2304 2783 ad
2333 2738 2612 2800 septimam
2634 2739 2837 2789 dudum

281 2831 352 2865 σω
386 2816 556 2866 titulis
578 2820 755 2881 notae,
791 2820 978 2867 octava
1014 2832 1158 2867 nona
1181 2815 1387 2865 decima
1421 2818 1642 2879 ignotae
1665 2817 1799 2885 (Mo.
1821 2818 1959 2884 Eph.
1996 2833 2074 2884 ep.
2096 2820 2131 2868 3
2159 2834 2213 2884 p.
2238 2819 2395 2884 472),·
2429 2821 2711 2873 undecima
2748 2825 2835 2875 hic

273 2903 514 2965 primum
557 2902 829 2966 reperitur
863 2899 959 2966 (cll
997 2900 1102 2952 Mo.
1140 2900 1317 2950 Herna.
1351 2899 1414 2950 49
1444 2917 1498 2966 p.
1532 2901 1596 2952 47
1629 2912 1736 2954 not.
1770 2902 1851 2968 2).

452 3035 624 3106 2594
691 3038 751 3100 C.
791 3038 908 3098 Val.
943 3084 956 3099 .
991 3083 1006 3098 .
1054 3040 1092 3099 f.
1139 3039 1378 3100 Azinas¹
1419 3036 1430 3121 Ι
1471 3035 1757 3123 Procl[us]
1805 3058 1987 3119 eques
2024 3038 2034 3122 Ι
2074 3041 2207 3102 coh.
2253 3041 2278 3102 l
2322 3036 2545 3127 [A]lp.²‚
2590 3041 2773 3132 ve[a.·.]
2823 3043 2834 3129 Ι

286 3137 598 3224 εῳιίῑΙῂιτη
641 3136 785 3225 coln]
827 3137 836 3222 Ι
878 3140 903 3201 l
956 3141 1161 3219 Belg.⁸,
1207 3143 1333 3202 dec.
1381 3142 1562 3220 equit.
1603 3138 1613 3221 Ι
1652 3141 1785 3202 coh.
1831 3141 2123 3214 ciusdem,
2170 3140 2182 3223 Ι
2221 3143 2382 3205 hunc
2438 3147 2777 3226 sepulcrum
2821 3145 2834 3230 Ι

277 3244 443 3304 vivos
487 3245 685 3322 paravi
730 3244 870 3304 mihi
909 3242 918 3326 Ι
959 3254 1018 3305 et
1062 3243 1307 3323 Apuleie
1352 3242 1572 3304 Sabine
1609 3243 1618 3326 Ι
1659 3245 1830 3305 uxori
1874 3261 2058 3317 meae,
2115 3243 2214 3305 lib.
2268 3245 2278 3320 Ι
2317 3244 2777 3328 libertabusque.
2825 3244 2836 3330 Ι

279 3346 352 3406 Η.
401 3364 478 3406 m.
522 3346 581 3406 h.
630 3365 690 3406 n.
737 3365 783 3405 s.

450 3445 667 3497 Salonis
702 3443 814 3510 (111
843 3444 897 3496 S.
931 3445 1063 3497 8762
1099 3441 1409 3504 Hirschfeld
1451 3444 1592 3495 vidit
1623 3446 1917 3514 ectypum).
1960 3473 2029 3484 —
2079 3447 2129 3507 1)
2176 3446 2420 3497 Patriam
2456 3448 2635 3498 Procli
2666 3451 2837 3513 signi-

276 3531 438 3592 sicari
480 3532 710 3580 coniecit
752 3527 1071 3590 Hirschfeld.
1153 3529 1502 3595 (Mommseno
1546 3530 1800 3580 videntur
1841 3547 1952 3581 esse
2001 3533 2320 3596 cognomina
2368 3531 2505 3598 duo,
2547 3534 2838 3585 barbarum

278 3615 521 3678 alterum,
556 3613 784 3664 alierum
818 3613 1132 3677 Romanum,
1168 3618 1234 3663 ut
1264 3629 1431 3680 supra
1466 3612 1535 3665 N.
1558 3614 1741 3680 2585).
1777 3642 1846 3653 —
1881 3617 1934 3679 2)
1976 3614 2173 3666 Cohors
2201 3618 2384 3680 prima
2424 3617 2742 3718 Alpinorum
2775 3621 2837 3669 in

276 3699 499 3766 Illyrico
534 3701 686 3749 stetit
717 3701 828 3749 iam
861 3701 957 3749 sub
995 3698 1211 3749 Nerone
1246 3707 1433 3763 (supra
1472 3697 1537 3749 Ν.
1576 3699 1745 3763 4987).
1783 3728 1848 3738 -
1884 3701 1935 3764 3)
1975 3697 2059 3760 Cf.
2097 3699 2166 3751 N.
2197 3701 2351 3753 2579.

448 3817 617 3888 2595
686 3819 747 3881 C.
794 3819 989 3882 Cassio
1036 3821 1154 3881 Pal.
1200 3820 1506 3881 Blaesiano
1546 3819 1555 3902 Ι
1597 3822 1723 3883 dec.
1770 3821 1903 3883 coh.
1949 3821 2267 3901 Ligurum,
2317 3820 2624 3904 {principi
2668 3826 2836 3905 equi-

278 3931 406 3983 tum
425 3922 461 3995 ¹,
513 3919 522 4004 Ι
564 3922 678 4002 ipsi
722 3922 974 3984 familiae
1018 3921 1318 4003 posteris!
1370 3921 1601 3983 libertis
1656 3923 2099 4003 libertabusque
2155 3925 2311 3998 eius,
2363 3923 2374 4007 Ι
2425 3925 2515 3986 Ti.
2563 3925 2836 3988 Claudius

280 4024 457 4084 Actes
500 4022 538 4083 l.
586 4023 927 4103 Eutychus²
960 4022 971 4102 Ι
1012 4024 1200 4085 amico
1246 4024 1472 4104 optimo
1518 4043 1589 4085 ex
1632 4034 1983 4088 testamento
2022 4022 2033 4107 1
2073 4026 2200 4086 eius
2244 4025 2401 4086 fecit.

451 4124 624 4189 Prope
675 4122 877 4173 Olbiam
914 4121 1315 4189 (Tere-annona)
1354 4123 1644 4176 Sardiniae
1687 4142 1800 4192 rep.
1838 4125 2090 4191 (Huelsen
2135 4124 2301 4174 deser.
2347 4140 2416 4173 ex
2461 4128 2648 4191 ectypo
2693 4124 2840 4189 quod

276 4209 429 4258 misit
478 4206 846 4274 Tamponius).
891 4236 961 4246 —
1009 4211 1059 4270 1)
1106 4209 1384 4275 Principes
1426 4212 1485 4259 in
1535 4211 1844 4260 cohortibus
1885 4210 2253 4260 auxiliaribus
2297 4225 2427 4259 raro
2469 4213 2837 4260 memorantur

277 4293 467 4362 (supra
493 4290 563 4343 N.
587 4294 724 4344 2554
747 4308 866 4343 cum
889 4297 998 4345 not.
1022 4294 1094 4356 2,·
1118 4294 1206 4344 ΙΙΙ
1223 4294 1277 4345 S.
1292 4293 1438 4346 7654.
1457 4294 1594 4346 8029
1617 4310 1750 4360 quos
1773 4294 1960 4344 titulos
1983 4299 2126 4344 recte
2147 4293 2221 4343 ad
2242 4293 2571 4344 auxiliarias
2594 4295 2837 4345 cohortes

247 4413 250 4417 -
275 4379 486 4429 rettulit
504 4377 1008 4444 Domaszewslcius).
1055 4379 1146 4429 Ex
1164 4379 1264 4429 hoc
1281 4378 1437 4429 titulo
1457 4379 1671 4429 videtur
1689 4378 1879 4443 colligi
1889 4394 2060 4445 posse,
2078 4378 2156 4428 ita
2176 4378 2379 4429 dictum
2399 4395 2507 4429 esse
2528 4381 2588 4428 in
2606 4379 2836 4430 cohorti—

280 4464 377 4513 bus
416 4465 670 4527 equitatis
703 4479 822 4513 eum
859 4465 955 4528 qui
989 4466 1106 4514 erat
1139 4467 1283 4513 inter·
1317 4463 1629 4513 decuriones
1652 4465 1889 4528 equitum
1908 4465 2134 4530 primus.
2158 4490 2226 4502 —··
2260 4464 2312 4526 2)
2335 4463 2416 4513 De
2440 4464 2597 4514 Actes
2631 4462 2836 4514 libertis

279 4552 332 4598 et
362 4549 676 4599 Actenianis
711 4546 784 4609 cf.
819 4547 872 4599 X
897 4549 1043 4600 7980.
1086 4548 1161 4599 VI
1194 4548 1375 4601 15027.

444 4667 616 4738 2596
680 4671 747 4732 T.
806 4669 1058 4732 Calidius
1119 4665 1131 4753 Ι
1190 4670 1277 4731 Ρ.ι
1333 4670 1521 4732 Cam?
1578 4670 1774 4730 Sever.
1836 4666 1846 4750 Ι
1907 4687 2032 4748 cq.,
2100 4670 2242 4731 item
2308 4671 2501 4750 opti0‚
2561 4668 2571 4751 Ι
2629 4669 2831 4732 decur.

277 4771 409 4833 coh.
456 4772 482 4832 1
527 4771 748 4852 Alpin.,
798 4771 808 4855 Ι
847 4772 988 4834 item
1022 4784 1060 4832 7
1106 4772 1220 4852 leg.
1263 4772 1361 4833 XV
1409 4771 1630 4853 Apoll„
1682 4770 1693 4853 Ι
1731 4790 1945 4834 annor.
2006 4770 2219 4847 LVIII,
2274 4772 2413 4852 stip.
2457 4771 2757 4849 XXXIIII,
2818 4768 2831 4854 Ι

2319 4872 2428 4925 33*
