3432 5387
525 403 648 461 286
1219 417 1225 426 ‘
1635 402 1817 472 Caput:
1850 402 1977 456 1111.

695 577 915 626 Ariciae
952 573 1114 635 (XIV
1131 575 1264 626 2465
1291 574 1405 624 vidi
1429 577 1583 639 ipse).
1616 602 1687 611 —
1729 576 1776 636 1)
1814 574 1955 624 Idem
1993 578 2070 623 est
2105 578 2198 639 qui
2228 577 2412 639 posuit
2447 574 2631 626 titulos
2664 591 2830 641 supra
2866 575 2935 628 N.
2969 580 3092 630 803.

520 660 672 713 4284.
708 661 860 712 4282.
898 688 964 697 —-
989 661 1040 722 2)
1065 659 1328 711 Similiter
1364 663 1522 710 tertio
1559 658 1899 724 expraefecto
1934 660 2086 709 urbis
2120 660 2428 725 appellatur
2463 662 2549 710 liic
2572 660 2812 711 Faustus
2835 663 2896 712 in
2924 661 3092 713 Gestis

523 750 740 796 senatus
784 747 932 794 urbis
966 743 1162 795 Itomae
1208 745 1273 794 de
1317 745 1623 809 recipiendo
1671 743 1855 795 codice
1905 743 2270 795 Theodosiana
2318 744 2391 809 (a.
2427 745 2573 811 458).
2644 745 2886 796 Pm'mum
2929 763 3089 811 prae-

523 828 698 891 fectus
733 832 859 880 urbi
890 827 1078 891 fuerat
1110 833 1234 879 ante
1271 846 1318 880 a.
1354 830 1452 880 424
1490 827 1570 893 (C.
1612 829 1692 880 V!
1722 827 1897 894 4676),
1944 831 2139 879 iterum
2175 845 2224 879 a.
2260 829 2363 879 425
2400 830 2495 889 (cf.
2532 846 2696 896 supra
2733 829 2799 883 N.
2835 833 2981 899 803).
3018 862 3087 871 —

525 916 575 980 3)
613 913 972 979 Significatur
1005 914 1270 965 Faustum
1315 915 1389 964 ad
1433 929 1597 963 unam
1643 913 1933 964 alteramve
1975 913 2375 978 praefecturam
2419 917 2571 965 urbis
2606 916 2825 966 iudiciis
2860 919 3091 981 impera—

524 1004 701 1050 torum
745 1003 1025 1065 utriusque
1071 1002 1288 1064 imperii
1329 1016 1437 1048 esse
1491 1002 1798 1063 promotum
1845 996 1941 1062 (cf
1989 997 2277 1049 Mommsen
2322 998 2499 1050 Neues
2543 1001 2747 1051 Archiv
2795 998 2836 1061 Ιζ
2884 1002 2984 1053 ᾰἹί.
3031 1002 3084 1054 d.

526 1083 706 1134 Gesclz.
743 1083 803 1133 44
830 1100 888 1150 p.
926 1085 1030 1137 245
1064 1088 1220 1147 not).
1264 1112 1331 1120 —
1366 1086 1418 1146 4)
1453 1079 1806 1143 Praefectura
1844 1085 2198 1147 praetoriana
2233 1083 2570 1148 fungebatur
2612 1102 2661 1137 a.
2698 1088 2829 1150 458,
2873 1088 3090 1137 testibus

527 1169 697 1221 Gestis
727 1185 894 1234 supra
934 1170 1069 1235 (not.
1091 1170 1154 1236 2)
1193 1169 1428 1219 laudatis
1439 1187 1459 1230 ,·
1507 1171 1739 1219 ceterum
1773 1169 1862 1217 hic
1897 1168 2086 1217 titulus
2117 1171 2324 1233 positus
2357 1173 2432 1219 sit
2463 1186 2671 1221 necesse
2706 1176 2786 1220 est
2819 1176 2947 1221 ante
2982 1171 3086 1224 kal.

523 1255 637 1306 Ian.
663 1256 785 1318 458,
820 1269 923 1319 quo
947 1253 1187 1304 Faustus
1222 1253 1409 1302 consul
1445 1252 1758 1302 ordinarius
1789 1256 2065 1316 processit.
2098 1280 2169 1289 —
2194 1254 2284 1303 Aa
2317 1253 2540 1304 eundem
2574 1255 2863 1320 Faustum,
2906 1256 3085 1307 iudice

522 1338 705 1390 Bossia
755 1340 904 1394 (butt.
952 1339 1009 1387 di
1055 1339 1202 1388 arch.
1249 1340 1392 1388 crist.
1438 1354 1539 1387 ser.
1575 1337 1664 1388 IV
1688 1354 1738 1388 a.
1773 1339 1821 1400 6,
1856 1336 2041 1402 488819
2070 1354 2123 1402 p.
2167 1338 2286 1405 424)
2335 1345 2575 1403 spectant
2621 1339 2931 1405 fragmenta
2978 1344 3085 1407 epi·

523 1427 702 1490 taphii
735 1425 1013 1474 cuiusdam
1047 1425 1258 1472 metrici
1292 1439 1464 1487 nuper
1497 1426 1724 1484 reperta.

692 1542 866 1612 1284
930 1545 1015 1605 Fl.
1065 1544 1197 1604 Olbi
1245 1544 1497 1603 Auxenti
1545 1537 1837 1627 Drauc[i].
1880 1541 1889 1621 Ι
1950 1542 2035 1602 Fl.
2084 1543 2255 1605 Olbio
2302 1547 2595 1607 Auxentio
2641 1547 2872 1608 Drauco
2931 1568 2984 1608 v.
3030 1567 3081 1609 c.

525 1657 583 1709 et
629 1649 764 1722 inl.,
825 1647 1102 1727 patriciae
1159 1645 1406 1706 familiae
1453 1644 1462 1727 Ι
1511 1646 1668 1718 viro,
1726 1655 1967 1705 senatus
2026 1646 2225 1706 munis
2270 1658 2543 1728 prompta
2588 1639 2899 1709 devotione
2947 1667 3081 1727 per-

523 1753 753 1820 functo,
795 1750 803 1830 Ι
844 1750 1042 1810 comiti
1090 1748 1315 1809 ordinis
1358 1748 1534 1827 primi
1581 1755 1640 1808 et
1682 1746 1901 1807 vicario
1956 1747 2117 1808 urbis
2163 1748 2414 1823 Romae,
2460 1751 2659 1811 comiti
2700 1748 2709 1831 Ι
2749 1751 2898 1811 sacri
2943 1769 3088 1812 con-

523 1854 760 1923 sistorii,
806 1853 1106 1933 praesecto
1152 1850 1317 1911 urbis
1348 1849 1567 1909 Romae
1583 1850 1618 1920 ¹,
1666 1848 1742 1908 ob
1775 1848 2010 1927 egregia
2050 1846 2060 1926 Ι
2099 1848 2226 1909 eius
2256 1850 2830 1913 administrationum
2861 1853 3089 1926 merita,

523 1974 674 2035 quae
719 1955 1075 2033 integritate,
1116 1951 1126 2033 Ι
1163 1963 1415 2012 ‘censura
1462 1960 1521 2011 et
1564 1951 1974 2011 moderatione
2018 1951 2097 2012 ita
2142 1952 2476 2030 viguerunt,
2523 1965 2588 2014 ut
2620 1952 3086 2033 sublimissilmae

522 2057 828 2136 potestatis
872 2055 1261 2115 reverentiam
1307 2053 1634 2113 honorifica
1680 2053 1807 2113 eius
1850 2062 2024 2112 aucto
2046 2053 2186 2113 ritas
2216 2056 2539 2116 custodiret
2570 2064 2630 2116 et
2659 2056 3080 2116 humanitatem

522 2159 792 2220 amabilis
837 2175 1087 2218 censura
1127 2153 1138 2236 Ι
1176 2162 1453 2224 servaret,
1499 2156 1687 2234 petitu
1735 2164 1976 2216 senatus
2021 2155 2384 2234 amplissimi,
2432 2157 2533 2235 qui
2580 2138 2670 2218 est
2712 2159 2902 2218 iustus
2940 2154 2951 2239 Ι
2989 2175 3081 2217 ar-

521 2261 678 2322 biter
722 2260 1104 2338 dignitatum,
1163 2256 1586 2317 excellentibus
1631 2265 1690 2317 et
1735 2257 2062 2335 magnificis
2101 2258 2110 2337 Ι
2151 2258 2287 2319 viris
2331 2258 2623 2338 legatione
2668 2260 2973 2333 mandata,
3019 2271 3083 2321 ut

524 2364 947 2442 imperatorum
1008 2358 1277 2440 dignisstas
1335 2369 1658 2432 cresceret,
1719 2378 1870 2439 quae
1926 2359 2168 2438 paribus
2225 2361 2432 2421 studiis
2483 2379 2682 2421 amore
2728 2361 2985 2423 iustitiae
3030 2372 3086 2421 et

523 2464 929 2547 providentiae
975 2462 1477 2534 desiderabantur,
1525 2461 1619 2520 dd.
1670 2480 1775 2522 nn.
1823 2462 1977 2523 FFll.
2018 2461 2028 2544 Ι
2068 2463 2433 2524 Theodosius
2478 2472 2540 2523 et
2584 2463 2853 2524 Placidus
2874 2463 3084 2523 Valen-

523 2568 787 2629 tinianus
833 2565 1032 2626 invicti
1086 2561 1096 2644 Ι
1145 2583 1213 2623 ac
1270 2563 1668 2624 triumsatores
1728 2564 2030 2642 principes
2056 2567 2311 2644 ‘semper
2354 2565 2601 2643 Augusti
2641 2565 2652 2643 Ι
2691 2565 2760 2625 ad
2811 2583 3085 2626 remune-

519 2671 810 2734 rationem
868 2666 1190 2744 titulosque
1247 2665 1557 2737 virtutum,
1623 2664 1786 2744 quib.
1828 2663 1838 2748 Ι
1878 2667 2031 2727 circa
2090 2685 2212 2728 rem
2261 2667 2555 2747 publicam
2602 2667 2811 2729 eximia
2856 2685 3088 2747 semper

522 2773 790 2854 probitas
830 2772 839 2851 Ι
878 2770 1173 2841 invitatur,
1219 2777 1467 2828 statuam
1513 2786 1660 2828 auro
1705 2768 2027 2845 fulgentem
2077 2769 2222 2849 erigi
2262 2768 2272 2849 Ι
2311 2769 2730 2848 conlocarique
2768 2770 3086 2831 iusserunt.

697 2872 891 2923 Romae
926 2886 1037 2935 rep.
1067 2884 1238 2933 prope
1271 2866 1454 2926 sorum
1495 2866 1724 2918 Traiani
1759 2868 2016 2929 (V14725
2053 2870 2219 2919 deser.
2257 2869 2320 2919 de
2353 2868 2546 2933 Bessi).
2586 2898 2639 2906 —
2690 2870 2739 2930 1)
2777 2868 3088 2931 Praefectus

522 2959 647 3007 urbi
680 2956 795 3017 l'uit
828 2956 1136 3005 Auxentius
1172 2952 1406 3017 quidam,
1449 2955 1514 3003 ab
1553 2955 1652 3003 hoc
1687 2956 1784 3003 viat
1819 2953 2074 3019 diversus,
2116 2971 2165 3005 a.
2201 2955 2291 3005 444
2333 2954 2491 3015 (Νου.
2531 2954 2905 3006 Valentiniani
2939 2958 3087 3006 tertii

518 3045 572 3106 8,
594 3044 673 3103 2),
709 3039 1016 3106 praefectus
1051 3041 1178 3088 urbi
1211 3041 1407 3087 iterum
1443 3055 1493 3087 a.
1529 3040 1624 3088 445
1662 3039 1755 3099 (ib.
1793 3039 1872 3099 45,
1898 3038 1969 3102 4).

690 3173 860 3244 1285
927 3176 1133 3236 Rufius
1180 3175 1609 3235 Praetextatus¹
1651 3174 1661 3250 Ι
1702 3175 2116 3236 postumianus
2160 3194 2211 3234 v,
2260 3194 2345 3249 c.,
2392 3177 2545 3237 fliius
2582 3176 2592 3257 Ι
2634 3177 2929 3256 magnifici
2976 3178 3084 3238 viri

520 3278 869 3339 Mariniani²
907 3276 915 3356 Ι
967 3277 1247 3357 praefecti
1307 3276 1605 3356 praetorio
1659 3278 1669 3351 Ι
1722 3286 1780 3335 et
1823 3276 2085 3338 consulis
2130 3277 2412 3339 ordinarii
2428 3280 2468 3350 ³,
2509 3278 2519 3357 1
2560 3289 2837 3356 quaestor
2883 3279 3087 3340 candi-

521 3382 723 3453 datus,
776 3379 784 3459 Ι
825 3390 1066 3458 praetor
1110 3378 1403 3451 urbanus,
1458 3377 1735 3439 tribunus
1774 3376 1783 3459 Ι
1824 3387 1883 3439 et
1926 3380 2191 3440 notarius
2236 3380 2664 3459 praetorianus,
2705 3381 2715 3462 Ι
2753 3381 3089 3460 praefectus

522 3483 654 3543 urbi
701 3482 984 3553 secundo,
1027 3477 1035 3561 Ι
1075 3481 1286 3541 consul
1333 3479 1722 3551 ordinarius⁴‚
1769 3498 1917 3557 quos
1955 3481 1965 3562 Ι
2005 3490 2202 3543 tantos
2246 3500 2314 3541 ac
2359 3482 2500 3542 tales
2546 3482 2806 3542 honores
2844 3481 2854 3562 Ι
2892 3483 3087 3561 primo

525 3587 732 3646 aetatis
777 3604 915 3645 suae
961 3584 1107 3643 flore
1147 3584 1155 3660 Ι
1194 3581 1541 3661 promeruit.

698 3684 889 3734 Romae
925 3683 1030 3744 (VI
1060 3683 1179 3734 4764
1218 3682 1358 3731 vidit
1391 3681 1647 3745 Henzen).
1693 3710 1762 3720 —
1817 3684 1864 3745 1)
1901 3681 2040 3731 Haec
2081 3685 2243 3731 verba
2278 3683 2487 3748 scalpro
2525 3682 2697 3734 deleta
2736 3686 2935 3744 (nescio
2974 3700 3081 3749 qua

523 3771 588 3820 de
626 3773 844 3833 causa),
889 3768 982 3817 sed
1016 3773 1192 3818 tamen
1231 3768 1501 3831 leguntur.
1538 3795 1606 3803 ·-
1644 3768 1693 3829 2)
1730 3767 1958 3817 Flavius
1993 3767 2187 3816 Avitus
2222 3767 2589 3829 Marinianus,
2641 3773 2769 3818 teste
2802 3770 2959 3820 titulo
2998 3785 3087 3835 ap.

523 3856 588 3919 dp
624 3853 777 3905 Rossi
811 3855 971 3903 inser.
1008 3855 1118 3902 chr.
1158 3854 1187 3903 I
1217 3868 1268 3903 n.
1304 3853 1419 3903 655.
1459 3880 1524 3888 —-
1560 3852 1610 3915 3)
1645 3852 1709 3902 A.
1745 3852 1866 3903 425.
1903 3880 1969 3887 -
2005 3855 2056 3913 4)
2093 3852 2161 3902 Α.
2195 3853 2304 3903 448.

691 4088 860 4159 1286
926 4091 1056 4152 lun.
1105 4090 1319 4152 Bassus
1362 4109 1414 4150 v.
1461 4110 1511 4149 c.
1561 4092 1657 4168 qui
1706 4092 1846 4150 vixit
1889 4092 2063 4151 annis
2106 4090 2263 4152 XLll
2311 4111 2467 4152 men.
2516 4092 2586 4163 ll,
2634 4093 2694 4153 in
2743 4092 2869 4171 ipsa
2914 4110 3083 4171 prae-

521 4197 745 4256 fectura
793 4193 929 4253 urbi
975 4194 1230 4254 neofitus
1275 4193 1341 4253 iit
1384 4194 1452 4253 ad
1501 4194 1696 4262 deum,
1748 4193 1872 4253 Vlll
1919 4193 2032 4253 kal.
2081 4196 2241 4272 Sept.
2275 4192 2533 4253 Eusebio
2579 4201 2637 4251 et
2667 4192 2877 4273 Ypatio
2911 4196 3084 4255 coss,¹

690 4293 886 4344 Romae
910 4310 1022 4359 rep.
1047 4309 1095 4343 a.
1121 4293 1251 4343 4595
1277 4293 1350 4342 ad
1368 4293 1672 4357 sepulcrum
1698 4295 1845 4342 Petri
1868 4293 2113 4358 apostoli,
2150 4298 2225 4341 est
2250 4296 2307 4342 in
2334 4294 2535 4358 cryptis
2560 4293 2813 4343 basilicae
2841 4292 2894 4345 S.
2921 4296 3082 4355 Petri,

519 4380 888 4444 sarcophagus
932 4383 1158 4428 ornatus
1207 4380 1374 4427 variis
1419 4380 1576 4428 rebus
1620 4381 1807 4443 petitis
1852 4394 1921 4427 ea:
1967 4382 2141 4427 vetere
2180 4392 2423 4441 novoque
2457 4381 2771 4428 testamento
2809 4380 2899 4440 (de
2934 4378 3087 4430 Rosci

520 4467 678 4514 inser.
718 4465 828 4514 chr.
868 4463 1049 4525 1444).
1089 4491 1150 4499 -
1195 4466 1242 4527 1)
1277 4463 1341 4513 A.
1376 4464 1493 4514 559.
1566 4463 1808 4526 Bassum,
1830 4462 2026 4527 ¹paullo
2060 4468 2341 4527 postquam
2370 4461 2682 4527 praefectus
2716 4466 2869 4514 urbis
2901 4463 3085 4524 factus

521 4552 666 4610 esset,
707 4548 987 4597 decessisse
1020 4553 1217 4597 narrat
1252 4550 1567 4597 Ammianus
1602 4548 1678 4608 47,
1703 4546 1782 4610 44,
1804 4550 1838 4597 5
1874 4549 1968 4596 sub
2006 4564 2056 4597 a.
2092 4550 2211 4599 558.

1223 4628 1270 4635 —a

693 4666 863 4735 1287
930 4668 1233 4749 depositus
1280 4671 1677 4752 Constantlius
1732 4688 1786 4728 v.
1848 4690 1898 4729 c.
1959 4688 2029 4729 ex
2086 4668 2461 4749 proconsulle
2507 4670 2736 4731 Africae
2790 4670 2884 4730 die
2931 4671 3086 4750 prid.

522 4768 683 4851 nolu.
731 4769 836 4830 lul.
886 4780 1019 4849 post
1063 4790 1228 4831 conS.
1274 4772 1326 4832 d.
1374 4790 1433 4830 n.
1482 4771 1760 4855 Gra1tiani
1805 4775 1952 4850 Aug.
2000 4772 2079 4831 111
2126 4783 2185 4833 et
2228 4772 2444 4854 Elquiti
2489 4792 2542 4832 ν.
2589 4774 2662 4834 c.¹
