3432 5387
1500 410 1800 466 Praefatio.
2887 407 2940 464 V

384 585 702 647 habeamus
745 602 777 643 a
822 584 960 646 viris
1004 584 1209 664 peritis
1254 584 1557 657 confecta,
1612 583 1706 644 vel
1749 582 1924 643 etiam
1970 592 2174 662 ectypa
2219 582 2408 643 instar
2463 582 2937 661 archetyporum.

386 687 532 749 Cum
575 695 737 748 totus
789 685 966 765 igitur
1008 686 1263 766 pendeat
1305 673 1596 747 hic'liber
1641 704 1709 746 ex
1759 683 2021 763 Corpore
2076 684 2531 764 inscriptionum
2577 683 2940 759 Latinarum,

382 799 628 869 apparet
673 788 954 868 quicquid
999 788 1060 848 in
1103 806 1174 848 eo
1223 788 1582 863 continetur,
1628 786 2063 867 quodammodo
2110 787 2314 849 deberi
2346 786 2692 850 Academiae
2725 786 2940 864 Regiae

380 890 761 963 Borussicae‚
823 907 974 968 quae
1033 890 1149 951 iam
1204 908 1313 969 per
1370 890 1587 951 multos
1640 908 1835 950 annos
1888 888 2341 968 inscriptionum
2397 890 2772 968 antiquarum
2831 907 2942 969 per

378 1001 569 1053 totum
615 991 821 1053 orbem
865 992 1260 1071 patrocinium
1304 992 1578 1066 sustinet,
1623 990 1826 1052 deberi
1862 991 2230 1053 Mommseno
2276 1001 2338 1053 et
2380 992 2556 1053 sociis
2600 991 2745 1066 eius,
2790 1010 2941 1070 quos

379 1095 489 1157 sibi
536 1094 830 1174 cooptavit
873 1094 935 1154 in
974 1092 1239 1174 Corpore
1274 1093 1733 1173 inscriptionum
1768 1093 2112 1154 Latinarum
2146 1094 2530 1174 perficiendo.
2603 1094 2651 1153 A
2683 1093 2941 1172 propriis

378 1196 730 1258 Mommseni
785 1194 1010 1257 meritis
1067 1195 1489 1257 enumerandis
1545 1204 1792 1275 propter
1846 1195 2050 1276 plures
2103 1213 2307 1257 causas
2363 1195 2667 1271 abstineo;
2724 1194 2943 1257 sufficit

380 1299 595 1378 gratias
638 1297 829 1375 egisse
888 1304 949 1357 et
1001 1297 1111 1377 ipsi
1170 1307 1230 1359 et
1287 1298 1529 1377 reliquis
1574 1298 1855 1377 Corporis
1911 1298 2367 1377 inscriptionum
2415 1297 2758 1359 Latinarum
2815 1297 2941 1359 edi—

379 1400 641 1475 toribus,
702 1398 905 1460 amicis
950 1399 1128 1475 meis,
1186 1399 1286 1478 qui
1333 1417 1469 1461 cum
1514 1417 1723 1461 omnes
1766 1407 2038 1479 prompta
2080 1400 2381 1461 voluntate
2439 1417 2532 1460 me
2588 1400 2943 1474 adiuverint‚

380 1502 747 1564 Christianus
807 1502 1066 1564 Huelsen
1121 1501 1343 1563 Romae
1403 1501 1762 1564 constitutus
1816 1502 2242 1563 nonnullarum
2298 1520 2500 1563 rerum
2557 1520 2706 1582 quae
2762 1502 2941 1581 longe

375 1604 449 1665 ab
494 1604 657 1665 ltalia
702 1604 1017 1682 degentem
1054 1598 1261 1683 'fugere
1293 1605 1527 1683 possint
1561 1604 1868 1666 admonuit
1900 1614 1958 1666 et
1988 1614 2374 1665 monumenta
2409 1604 2697 1665 nonnulla
2732 1622 2944 1665 recens

375 1716 617 1786 reperta
658 1724 895 1767 mecum
940 1705 1413 1767 communicavit.

547 1842 675 1904 Scr.
710 1840 977 1902 Berolini
1020 1861 1223 1903 mense
1268 1842 1431 1921 Sept.
1477 1840 2065 1903 MDCCCLXXXXII.

2415 1990 2505 2058 Η.
2551 1989 2854 2058 Bessan.
