3432 5387
1438 368 1611 423 Tituli
1643 369 1924 425 militares.
2842 370 2966 431 393

402 540 735 621 subscripta
760 538 967 601 sunt⁸:
998 540 1143 619 ipsis
1173 539 1375 602 liberis
1404 542 1776 621 posterisque
1801 547 2008 603 eorum
2040 543 2330 604 civitatem
2360 544 2520 605 dedit
2548 554 2608 605 et
2637 546 2962 609 conubium

402 661 537 705 cum
584 641 889 715 uxoribuS,
933 660 1081 720 quas
1124 650 1270 703 tunc
1313 642 1677 717 habuissent,
1724 662 1859 703 cum
1905 654 1994 705 est
2038 644 2236 705 civitas
2281 645 2351 705 iis
2396 646 2558 721 data,
2616 658 2747 720 aut,
2808 650 2960 727 siqui

403 743 657 805 caelibes
702 753 933 817 essent,
992 762 1127 806 cum
1172 745 1243 805 iis
1288 762 1434 823 quas
1478 754 1683 825 postea
1729 745 2035 806 du11ssent
2078 745 2378 807 dumtaxat
2420 747 2636 826 singuli
2683 748 2960 828 singulas.

402 848 467 906 A.
529 846 584 906 d.
658 846 738 906 111
799 847 928 907 idus
983 845 1327 920 Decembr.,
1382 847 1600 909 Fausto
1659 845 1938 908 Cornelio
1996 847 2154 908 Sulla
2212 848 2439 923 Felice,
2501 850 2567 911 L.
2629 850 2962 912 Salvidieno

408 946 563 1008 Rufo
609 946 877 1008 Salviano
923 948 1072 1008 cos.⁴

572 1049 829 1130 gregali:
877 1048 1149 1127 Spartico
1194 1049 1441 1111 Diuzeni
1488 1052 1527 1110 f.
1574 1050 1946 1130 Dipscurto⁸,
1995 1048 2222 1111 Besso.⁶

570 1151 945 1231 Descriptum
992 1160 1052 1211 et
1094 1152 1467 1231 recognitum
1513 1170 1584 1212 ex
1631 1152 1829 1213 tabula
1874 1170 2089 1226 aenea,
2150 1170 2300 1230 quae
2344 1153 2456 1213 fixa
2502 1164 2591 1214 est
2634 1154 2856 1216 Romae
2900 1158 2960 1218 in

407 1253 692 1334 Capitolio
751 1252 911 1315 aedis
970 1252 1131 1313 Fidei
1193 1253 1395 1332 populi
1456 1254 1708 1315 Romani
1767 1264 1935 1334 parte
1991 1254 2342 1315 dexteriore.
2442 1254 2508 1315 L.
2569 1256 2740 1318 Mesti
2796 1258 2863 1319 L.
2921 1261 2963 1319 f.

402 1356 566 1416 Aem.
626 1354 809 1418 Prisci
868 1356 1218 1436 Dyrrachini
1266 1392 1347 1401 —
1406 1356 1472 1417 L.
1532 1356 1702 1417 Nutri
1764 1355 2009 1417 Venusti
2066 1355 2435 1435 Dyrrachini.
2495 1393 2574 1402 —-
2633 1358 2696 1421 C.
2745 1360 2964 1422 Durra-

401 1458 560 1518 chini
620 1458 801 1519 Anthi
847 1457 1199 1536 Dyrrachini
1256 1494 1339 1503 —
1397 1457 1459 1520 C.
1520 1457 1724 1518 Sabini
1771 1457 2016 1537 Nedymi
2060 1456 2408 1536 Dyrrachini
2470 1492 2542 1501 —
2607 1460 2669 1521 C.
2726 1461 2963 1525 Corneli

405 1559 678 1638 Ampliati
739 1560 1086 1639 Dyrrachini
1133 1596 1215 1605 —-
1274 1560 1341 1621 T.
1391 1560 1681 1640 Pomponi
1729 1558 2118 1639 Epaphroditi
2165 1559 2512 1638 Dyrrachini
2573 1597 2652 1607 —
2699 1563 2768 1624 N.
2816 1565 2961 1626 Mini

403 1660 586 1738 Hylae
631 1659 1216 1722 Thessalonicensi8.⁷

571 1775 879 1844 Diptyclzon
914 1794 1154 1844 aeneum,
1191 1779 1394 1831 Stabiis
1428 1797 1540 1847 rep.
1578 1797 1628 1831 a.
1664 1779 1807 1845 4749,
1861 1783 1938 1829 est
1970 1777 2201 1843 Neapoli
2236 1777 2347 1843 (ΙΙΙ
2370 1794 2428 1844 p.
2460 1782 2572 1831 844.
2620 1780 2671 1831 Χ
2699 1783 2794 1835 769
2827 1786 2964 1835 vidit

402 1859 734 1928 Mommsen).
759 1891 824 1900 —
863 1866 912 1928 1)
938 1864 1052 1916 Ian.
1085 1862 1249 1931 32s33
1286 1862 1383 1929 (cs.
1408 1881 1574 1931 supra
1610 1863 1679 1916 Ν.
1702 1865 1847 1929 248).
1872 1893 1940 1901 -
1977 1864 2027 1927 2)
2051 1863 2191 1914 Huic
2218 1863 2410 1929 Optato
2428 1868 2636 1930 positus
2671 1872 2750 1918 est
2772 1870 2963 1921 titulus

410 1944 803 1998 Tan-ieinensis
839 1964 991 2013 quem
1028 1950 1272 2000 dabimus
1306 1948 1458 2010 infra
1497 1948 1589 2014 (=
1625 1949 1678 2001 0.
1714 1949 1767 2000 X
1794 1949 1986 2011 6348„
2023 1946 2093 2009 cll
2122 1952 2409 2013 praeterea
2434 1950 2572 2002 Plin.
2610 1953 2660 2001 Ιι.
2695 1969 2747 2003 n.
2781 1955 2832 2018 9,
2864 1957 2931 2007 62
2943 1976 2963 2018 ,·

402 2033 481 2084 Io.
520 2033 706 2100 Lydus
743 2033 806 2083 de
840 2048 983 2097 mag.
1019 2035 1073 2095 5,
1108 2036 1178 2087 65
1209 2050 1262 2100 p.
1298 2036 1400 2086 257
1434 2034 1663 2097 Becker-5
1700 2033 1754 2085 C.
1791 2033 1901 2086 XV
1922 2033 2039 2086 587.
2075 2062 2141 2071 ·—
2179 2035 2232 2096 3)
2268 2031 2539 2085 Numerus
2572 2038 2961 2101 stipendiorum

398 2134 507 2169 non
546 2121 894 2180 enuntiatur;
931 2135 1001 2169 ex
1035 2119 1259 2185 reliquis
1282 2122 1758 2170 constitutionibus
1772 2120 2171 2185 pertinentibus
2206 2118 2280 2170 ad
2314 2118 2505 2169 classes
2541 2119 2633 2185 (N.
2665 2124 2810 2175 4990.
2834 2126 2958 2177 {991

398 2203 654 2270 aliisque)
692 2208 922 2269 apparet
954 2204 1264 2254 classiarios
1297 2204 1540 2255 dimissos
1575 2220 1685 2254 esse
1715 2208 1840 2270 post
1871 2204 2136 2270 stipendia
2172 2206 2372 2269 viginti
2403 2222 2516 2267 sex,
2554 2209 2712 2258 tertio
2744 2223 2797 2273 p.
2837 2208 2960 2261 Chr.

394 2288 606 2338 saeculo
652 2286 748 2349 (es.
784 2289 922 2354 Eplz.
966 2304 1045 2353 ep.
1078 2289 1115 2339 ὅ
1151 2304 1210 2353 p.
1246 2287 1366 2354 400)
1410 2292 1531 2353 post
1562 2289 1832 2354 stipendia
1878 2291 2078 2353 viginti
2112 2294 2248 2342 octo.
2295 2318 2360 2329 —
2405 2294 2457 2354 4)
2500 2290 2559 2340 Η
2598 2291 2722 2344 Dec.
2756 2295 2845 2345 52.
2891 2322 2955 2332 —

399 2374 450 2434 5)
485 2374 725 2424 Primum
759 2375 1020 2438 scriptum
1054 2375 1175 2422 erat
1204 2375 1265 2423 in
1298 2377 1526 2438 utroque
1560 2374 1803 2438 exemplo
1838 2371 2160 2440 Dibpscurto,
2196 2374 2290 2425 sed
2321 2375 2354 2425 b
2391 2392 2562 2428 erasa.
2601 2405 2664 2414 —
2710 2379 2760 2439 6)
2797 2379 2960 2444 Bessi,

404 2453 665 2508 Thraciae
705 2458 965 2524 populus,
1013 2458 1174 2508 multi
1220 2456 1453 2518 fuerunt
1496 2460 1640 2508 inter
1685 2459 2011 2510 classiarios.
2065 2487 2130 2496 —
2191 2462 2240 2523 7)
2284 2460 2567 2511 Probabile
2611 2467 2808 2529 septem
2865 2466 2961 2515 Ιιοε

397 2543 651 2603 homines,
687 2542 945 2592 oriundos
980 2556 1156 2591 omnes
1196 2559 1267 2592 ex
1297 2545 1581 2609 provincia
1617 2542 1951 2605 Macedonia,
1988 2546 2143 2594 cuius
2175 2544 2328 2595 Bessi
2356 2542 2586 2603 suerunt
2622 2551 2959 2615 contermini,

398 2629 598 2677 amicos
631 2624 799 2687 fuisse
834 2627 1091 2692 Spar-tici.

572 2778 742 2848 1987
807 2781 962 2841 Nero
995 2780 1270 2844 Claudius
1305 2783 1419 2843 divi
1451 2782 1651 2843 Claudi
1683 2784 1744 2855 f.,
1778 2783 2112 2845 Germanici
2160 2782 2388 2846 Caesar.
2438 2803 2516 2857 n.,
2564 2785 2651 2845 Ti.
2700 2787 2961 2849 Caesaris

400 2887 548 2963 Aug.
596 2902 793 2963 pron„
838 2883 954 2942 divi
1000 2883 1149 2960 Aug.
1196 2884 1355 2958 abu„
1415 2885 1576 2945 Caes·
1634 2887 1784 2965 Aug.
1832 2886 2110 2947 German.
2168 2894 2336 2965 pont.
2394 2905 2584 2962 max.,
2640 2889 2776 2949 trib.
2835 2898 2957 2968 pot.

402 2986 524 3060 VH,
570 2987 712 3066 imp.
758 2985 882 3058 vn,
936 3003 1056 3047 cos.
1104 2985 1266 3059 mv,
1312 2985 1555 3066 peditih.
1602 2996 1662 3047 et
1704 2986 1948 3065 equitib.
1997 2988 2098 3065 qui
2144 2989 2309 3049 milit.
2373 2989 2433 3049 in
2483 2991 2614 3051 coh.
2664 2991 2761 3051 Vll
2808 3011 2959 3071 quae

400 3088 779 3167 appellantur
815 3073 964 3165 (1)Ῑ
1016 3090 1211 3148 Astur.
1284 3096 1342 3147 et
1399 3088 1714 3149 Callaecor.
1775 3098 1837 3149 et
1882 3072 2036 3165 (2)Ῑ
2081 3090 2326 3170 Hispan.
2384 3100 2446 3151 et
2487 3090 2560 3169 (3)
2597 3078 2632 3154 Ῑ
2688 3095 2957 3173 Alpinor.

398 3201 459 3252 et
502 3193 578 3270 (4)
607 3174 659 3250 T
669 3190 1033 3260 Lusitanor.
1096 3197 1155 3248 et
1198 3191 1271 3266 (5)
1315 3189 1367 3249 11
1427 3190 1695 3268 Alpinor.
1744 3199 1804 3250 et
1846 3191 1920 3270 (6)
1967 3192 2020 3252 11
2067 3192 2230 3272 Hisp.
2277 3204 2336 3253 et
2378 3194 2453 3272 (7)
2500 3179 2546 3252 V
2594 3195 2848 3258 Luciens
2899 3207 2960 3258 et

399 3293 761 3368 Callaecor.&
809 3301 869 3352 et
916 3300 1055 3353 sunt
1087 3292 1147 3352 in
1181 3290 1414 3371 illyrico
1457 3291 1569 3353 sub
1612 3290 1678 3351 L.
1715 3291 2045 3353 Salvidieno
2092 3294 2359 3356 Salviano
2405 3296 2582 3370 Rufo,
2628 3299 2729 3376 qui
2774 3299 2958 3377 quina

398 3404 458 3456 et
498 3396 701 3456 vicena
746 3394 1002 3474 stipend.
1050 3404 1151 3456 aut
1192 3394 1363 3474 plura
1407 3411 1687 3466 meruer.,
1747 3413 1918 3473 quor.
1966 3397 2191 3458 nomin.
2237 3397 2556 3478 subscript.
2601 3408 2769 3461 sunt:
2817 3399 2959 3478 ipsis

397 3496 596 3559 liberis
639 3497 955 3576 posterisq.
1003 3513 1208 3558 eorum
1268 3494 1562 3556 civitatem
1609 3495 1768 3557 dedit
1813 3506 1870 3557 et
1928 3497 2249 3559 conubium
2307 3518 2442 3561 cum
2488 3500 2751 3574 uxorib.,
2811 3520 2959 3580 quas

398 3609 544 3659 tunc
588 3597 954 3671 habuissent,
1011 3616 1145 3658 cum
1193 3605 1281 3657 est
1326 3597 1525 3659 civitas
1568 3598 1640 3660 iis
1683 3598 1842 3671 data,
1898 3608 1999 3659 aut
2041 3600 2237 3678 siqui
2281 3600 2486 3661 caelib.
2533 3612 2762 3676 essent,
2822 3622 2957 3664 cum

398 3701 469 3760 iis
514 3717 658 3778 quas
686 3709 893 3779 postea
935 3699 1241 3760 duxissent
1271 3700 1530 3760 dumtax.
1575 3700 1794 3780 singuli
1839 3701 2119 3780 singulas.
2193 3703 2260 3762 A.
2293 3702 2350 3762 d.
2396 3702 2470 3762 Vl
2518 3724 2639 3765 non
2687 3704 2815 3779 lul.,
2849 3705 2955 3768 Cn.

398 3799 655 3862 Pedanio
702 3800 1046 3875 Salinatore,
1096 3800 1160 3861 L.
1207 3800 1426 3862 Velleio
1473 3802 1779 3863 Paterculo
1827 3804 1972 3865 cos.³

554 3903 711 3965 coh.⁴
733 3886 795 3962 T!
830 3903 1096 3984 Hispan„
1143 3903 1238 3965 cui
1269 3911 1468 3983 praest
1498 3905 1559 3965 C.
1594 3903 1831 3967 Caesius
1873 3907 2084 3986 Aper⁸,
2132 3907 2344 3985 equiti:
2391 3907 2729 3969 lantumaro
2759 3911 2957 3970 Ande-

395 4004 572 4067 dunis
618 4007 658 4065 f.
702 4004 1008 4066 Varciano.

569 4107 772 4168 Descr.
821 4114 880 4166 et
923 4126 1167 4186 recogn.
1215 4126 1287 4166 ex
1332 4106 1530 4169 tabula
1577 4125 1782 4182 aenea,
1828 4127 1977 4188 quae
2017 4112 2127 4169 fixa
2175 4118 2262 4171 est
2306 4111 2366 4170 in
2400 4110 2648 4190 Capitol.
2694 4112 2763 4172 ad
2809 4111 2958 4172 latus

395 4208 622 4270 sinistr.
670 4208 830 4269 aedis
872 4209 1130 4269 thensar.
1178 4209 1520 4270 extrisecuS.
2704 4289 2708 4293 .

568 4306 783 4359 Tabella
838 4323 1033 4372 aenea,
1092 4308 1339 4374 diptychi
1388 4325 1523 4374 pars
1564 4312 1754 4375 prior,
1811 4311 2158 4361 Vindobonae
2211 4314 2271 4360 in
2311 4325 2491 4359 museo
2550 4309 2661 4375 (111
2705 4327 2761 4376 p.
2807 4313 2950 4380 843).

389 4421 457 4431 —-
514 4396 565 4458 1)
616 4394 683 4445 A.
724 4396 789 4445 60
835 4390 932 4457 (cs.
976 4409 1143 4458 supra
1189 4391 1258 4443 N.
1305 4392 1536 4461 2291250
1580 4398 1692 4446 not.
1738 4395 1821 4448 45.
1872 4395 1976 4457 44).
2030 4424 2098 4432 —
2153 4396 2204 4460 2)
2254 4395 2457 4445 Harum
2505 4395 2805 4446 cohortium
2855 4399 2952 4448 sub

388 4476 605 4528 Nerone
652 4480 713 4528 in
763 4477 987 4543 Illyrico
1050 4478 1376 4528 tendentium
1437 4478 1593 4543 longe
1635 4478 1928 4545 plurimae,
1982 4480 2186 4530 scilieet
2231 4495 2409 4529 omnes
2461 4484 2677 4546 praeter
2719 4484 2955 4548 primam

388 4561 651 4613 Asturum
691 4567 743 4612 et
781 4562 1148 4614 Callaecorum
1183 4566 1235 4611 et
1266 4565 1499 4628 primam
1534 4564 1918 4629 Hispanorum,
1964 4566 2127 4612 etiam
2160 4565 2256 4614 sub
2301 4567 2714 4630 imperatoribus
2746 4567 2958 4618 Flauiis

387 4645 617 4707 fuerunt
650 4649 1048 4709 iri-Pannonia,
1088 4649 1308 4697 testibus
1345 4650 1817 4698 constitutionibus
1851 4663 2119 4698 annorum
2152 4651 2234 4700 80.
2270 4648 2351 4701 84.
2384 4652 2454 4700 85
2491 4647 2669 4715 (infra
2705 4651 2769 4702 N.
2794 4653 2920 4705 {997
2933 4671 2955 4715 ,-

392 4731 446 4782 C.
471 4732 558 4782 III
570 4748 625 4798 p.
650 4736 762 4784 854.
788 4734 934 4797 855),
961 4733 1115 4797 duae,
1149 4733 1383 4783 secunda
1409 4734 1731 4798 Alpinorum
1755 4737 1806 4783 et
1830 4735 2020 4798 quinta
2045 4732 2385 4784 Luciensium
2416 4734 2797 4801 Callaecorum,
2823 4742 2946 4788 tem-
