3432 5387
899 386 1071 441 Tituli
1106 388 1345 441 virorum
1382 391 1438 441 et
1470 386 1758 440 mulierum
1794 386 2002 440 ordinis
2039 387 2318 441 senatorii.
2773 388 2894 446 271

504 557 675 629 1230
740 560 975 621 Asterii.
1019 557 1027 639 Ι
1086 560 1153 620 L.
1199 560 1418 621 Turcio
1466 560 1775 622 Secundo¹
1822 579 1873 621 c.
1917 580 1992 631 v.,
2032 558 2041 641 Ι
2082 561 2202 621 filio
2248 561 2314 621 L.
2347 561 2526 623 Turci
2573 562 2900 641 Aproniani

333 684 384 726 c.
433 683 511 724 m.
557 684 609 724 v.
650 665 659 741 Ι
698 665 883 743 praes.
931 663 1088 737 urbi,
1137 665 1338 743 nepoti
1377 660 1388 745 Ι
1427 663 1493 723 L.
1536 663 1713 723 Turci
1760 662 2019 723 Secundi
2064 681 2116 723 c.
2164 681 2242 722 m.
2289 683 2361 737 v.,
2401 660 2412 741 Ι
2452 664 2682 725 consuli
2728 682 2901 743 prae-

333 768 449 828 tori
493 767 810 845 quaestori,
852 764 864 847 Ι
902 766 1101 826 comiti
1133 766 1557 844 Augustorum,
1604 765 1926 826 correctori
1967 761 1975 845 Ι
2018 765 2216 825 Piceni
2264 775 2322 826 et
2355 765 2728 837 Flaminiae²,
2776 768 2901 827 elo-

333 868 576 947 quentia
616 866 626 949 Ι
665 868 884 929 iustitia
929 868 1265 946 integritate
1311 868 1658 929 auctoritate
1695 865 1704 950 Ι
1746 867 2087 946 praestanti,
2135 868 2193 927 in
2230 867 2390 928 omni
2437 868 2695 948 denique
2734 866 2742 953 Ι
2783 870 2900 929 vir·

332 980 459 1032 tute
504 972 802 1050 perfecto,
861 972 1007 1032 ordo
1047 973 1055 1049 Ι
1095 970 1605 1049 splendidissimus
1647 969 2055 1030 Amiterninae
2107 968 2118 1050 Ι
2169 969 2415 1032 civitatis
2470 969 2548 1031 ob
2600 971 2897 1049 insignem

333 1092 473 1151 erga
518 1092 580 1133 se
622 1070 630 1153 Ι
670 1091 927 1133 amorem
977 1082 1230 1152 patrono
1275 1071 1620 1151 dignissimo
1660 1067 1670 1153 Ι
1706 1080 1960 1133 statuam
2008 1091 2079 1132 ex
2123 1090 2258 1133 aere
2297 1068 2307 1154 Ι
2347 1082 2484 1152 post
2528 1074 2899 1135 administra·

333 1175 557 1235 tionem
600 1172 609 1255 Ι
648 1174 721 1234 ad
764 1175 1037 1254 perpetui
1085 1175 1342 1234 nominis
1380 1174 1390 1256 Ι
1429 1173 1675 1253 gloriam
1722 1174 1898 1233 dedit.

506 1273 702 1325 Romae
740 1274 844 1339 (VI
879 1277 1004 1326 4772
1044 1275 1179 1325 vidit
1215 1274 1470 1341 Henzen).
1508 1303 1565 1310 —-
1617 1276 1666 1337 1)
1702 1273 1904 1323 Frater
1939 1278 2015 1323 est
2047 1276 2432 1339 praecedentis.
2480 1304 2543 1313 -—
2593 1277 2644 1339 2)
2680 1275 2770 1325 Ad
2803 1276 2904 1325 Ιιοσ

333 1375 527 1410 munus
554 1363 831 1424 pertinent
866 1360 1014 1410 tituli
1045 1375 1213 1425 supra
1248 1358 1316 1411 N.
1349 1360 1473 1414 706.
1520 1359 1620 1410 729
1668 1360 1837 1424 posili
1871 1358 2008 1408 alter
2042 1357 2276 1420 fortasse
2312 1378 2361 1412 a.
2396 1360 2529 1423 337,
2578 1361 2715 1411 alter
2760 1363 2903 1410 inter

335 1461 384 1495 a.
421 1447 522 1497 340
556 1449 607 1494 et
636 1447 758 1497 350.
794 1473 861 1483 —
904 1444 1114 1495 Titulus
1148 1460 1303 1510 quem
1338 1447 1506 1495 uxori
1540 1446 1678 1495 idem
1713 1448 1895 1510 posuit
1929 1451 2006 1496 est
2042 1444 2286 1497 714773.

504 1616 672 1688 1231
741 1620 817 1680 M.
857 1619 1076 1681 Maecio
1110 1619 1386 1680 Memmio
1433 1619 1612 1680 Furio
1651 1619 1907 1680 Baburio
1947 1616 1957 1701 Ι
1999 1620 2329 1682 Caeciliano
2363 1622 2631 1682 Placido¹
2680 1641 2732 1681 c.
2781 1640 2852 1693 v.,
2886 1615 2895 1697 Ι

335 1722 605 1802 pontifici
665 1722 903 1796 maiori,
964 1723 1170 1801 auguri
1230 1718 1487 1801 pulblico
1533 1740 1592 1801 p.
1641 1721 1707 1780 R.
1757 1721 2107 1795 Quiritium,
2167 1719 2663 1804 quindecemlviro
2715 1722 2900 1783 sacris

334 1824 661 1895 faciundis,
723 1823 1064 1903 correcltori
1112 1824 1487 1884 venetiarum
1534 1833 1596 1884 et
1638 1822 1923 1896 Histriae,
1963 1820 1973 1902 Ι
2013 1826 2312 1901 praesecto
2356 1843 2633 1886 annonae
2673 1824 2839 1885 urbis
2884 1819 2895 1905 Ι

335 1945 535 1987 sacrae
580 1944 716 1986 cum
763 1926 892 1986 iure
936 1925 1129 2003 gladii,
1178 1927 1377 1986 comiti
1416 1927 1426 2007 Ι
1467 1925 1693 1987 ordinis
1723 1925 1917 2003 primi,
1964 1926 2163 1986 comiti
2199 1926 2460 1987 Orientis
2498 1923 2508 2009 Ι
2548 1927 2797 2005 Aegypti
2842 1934 2903 1985 et

334 2028 811 2107 Mesopotamiae,
858 2024 1053 2106 iudilci
1081 2045 1377 2088 sacrarum
1411 2028 1822 2107 cognitionum
1862 2026 1872 2109 Ι
1911 2028 2086 2089 tertio
2102 2027 2142 2098 ²,
2188 2027 2364 2088 iudici
2401 2029 2617 2089 iterum
2664 2048 2734 2089 ex
2779 2021 2899 2110 de}-

333 2128 730 2209 legationibus
774 2130 973 2203 sacris,
1020 2128 1338 2211 praelfecto
1382 2130 1680 2210 praetorio
1727 2139 1786 2190 et
1830 2129 2007 2190 iudici
2048 2126 2058 2210 Ι
2098 2147 2397 2189 sacrarum
2444 2124 2897 2212 cognitionum!

334 2234 543 2303 tertie,
589 2232 822 2292 consuli
869 2231 1220 2304 ordinario⁸,
1261 2232 1270 2313 Ι
1310 2243 1564 2312 patrono
1610 2232 2083 2311 prestantissimo
2130 2236 2256 2303 (sic)
2308 2230 2315 2312 Ι
2366 2232 2532 2312 regio
2580 2232 2840 2292 Palatina
2888 2232 2894 2313 Ι

334 2335 551 2415 posuit.

506 2434 737 2499 Neapoli
780 2433 933 2495 olim,
977 2434 1072 2484 sed
1119 2434 1330 2497 origine
1378 2434 1704 2494 Puteolana,·
1749 2448 1893 2483 nunc
1936 2436 2068 2498 puto
2119 2432 2434 2485 Florentiae
2481 2433 2559 2499 (X
2586 2435 2743 2497 470ος
2789 2434 2903 2484 vidi

336 2520 624 2587 ectypum).
661 2547 727 2556 -—-
771 2521 815 2581 1)
851 2518 942 2569 Ex
974 2520 1271 2568 maioribus
1307 2520 1466 2568 huius
1502 2520 1611 2567 viri
1641 2517 1755 2577 suit
1791 2516 1843 2568 C.
1881 2516 2157 2567 Memmius
2192 2518 2259 2570 M.
2298 2516 2342 2579 f.
2381 2519 2533 2583 Quir.
2562 2518 2902 2570 Caecilianus

335 2607 587 2657 Placidus
623 2603 789 2669 (Bull.
826 2619 966 2654 corr.
998 2603 1126 2654 4887
1154 2618 1210 2667 p.
1238 2603 1373 2668 479).
1412 2632 1471 2640 -
1512 2605 1563 2666 2)
1598 2601 1751 2653 tertio
1787 2601 2003 2652 videtur
2037 2618 2145 2652 esse
2181 2602 2474 2665 delendum,
2512 2608 2795 2670 repetitum
2833 2622 2903 2656 exc

337 2691 452 2743 loco
486 2687 766 2751 inferiore.
809 2718 874 2726 —
923 2690 973 2753 3)
1009 2686 1285 2739 Placidum
1332 2688 1599 2739 consulem
1641 2686 1984 2738 ordinarium
2023 2692 2299 2738 recensent
2331 2686 2467 2749 fasti
2500 2706 2550 2741 a.
2584 2691 2706 2743 343.
2780 2691 2903 2741 Post

335 2779 478 2827 hunc
525 2776 742 2825 titulum
785 2776 1018 2839 positum
1068 2772 1282 2823 videtur
1328 2773 1510 2835 factus
1554 2789 1665 2822 esse
1710 2776 1874 2823 etiam
1911 2771 2218 2838 praefectus
2252 2777 2426 2837 urbis,
2473 2779 2613 2825 certe
2649 2775 2902 2826 Placidus

335 2863 536 2926 aliquis
570 2859 683 2919 fuit
714 2859 1018 2924 praefectus
1052 2861 1179 2908 urbi
1215 2875 1265 2909 a.
1299 2860 1450 2914 34627
1487 2858 1802 2923 (chronogr.
1840 2876 1890 2910 a.
1925 2859 2072 2923 334).

509 3014 682 3084 1232
749 3061 1055 3075 .......
1118 3010 1338 3101 [comiti
1397 3009 1699 3098 Orz‘]lent1'.s
1756 3035 1810 3075 v.
1865 3036 1911 3075 s.
1969 3014 2284 3086 iudicanti,
2339 3017 2620 3095 procons.¹
2672 3015 2682 3098 Ι
2733 3036 2900 3097 prov.

336 3120 565 3180 Africae
613 3129 671 3179 et
714 3137 766 3178 v,
814 3140 861 3180 s.
909 3118 1220 3191 iudicanti,
1273 3116 1283 3200 Ι
1336 3121 1523 3197 praef.
1570 3117 1736 3178 urbis
1782 3126 1841 3177 et
1883 3135 1935 3175 v.
1982 3135 2029 3176 s.
2077 3117 2377 3189 iudicanti,
2422 3114 2652 3200 itelrum
2698 3120 2898 3181 comiti

336 3222 465 3282 ord.
512 3221 685 3300 primi
733 3221 883 3281 intra
934 3218 1251 3301 Pallatium,
1298 3222 1481 3300 praef.
1529 3229 1749 3299 praet.‚
1797 3217 2025 3278 consuli
2073 3218 2243 3292 ord.²,
2284 3217 2294 3298 Ι
2334 3219 2603 3281 Placidus
2649 3221 2900 3283 Severus

334 3342 389 3382 v.
422 3341 474 3382 c.
507 3321 662 3383 filius
699 3323 849 3401 patri
898 3322 1172 3400 religioso
1213 3321 1221 3404 Ι
1263 3333 1318 3384 et
1352 3322 1609 3384 Antonia
1641 3319 2001 3382 Marcianilla
2034 3341 2085 3381 c.
2119 3322 2159 3381 f.
2210 3340 2398 3383 nurus
2433 3333 2440 3404 Ι
2472 3342 2680 3385 socero
2725 3343 2899 3386 sanc-

336 3424 582 3485 tissimo.

508 3523 706 3575 Romae
744 3524 853 3589 (VJ
881 3524 1006 3575 4757
1040 3525 1179 3574 vidit
1213 3525 1467 3591 Henzen).
1501 3552 1571 3563 —
1613 3525 1661 3586 1)
1697 3524 1839 3573 Haec
1873 3523 2000 3573 olim
2037 3523 2313 3589 deperdita
2348 3529 2636 3574 servarunt
2669 3525 2902 3576 Smetius

337 3610 554 3674 aliique.
590 3637 655 3646 —
696 3611 745 3673 2)
782 3607 1058 3659 Nescimus
1094 3624 1197 3673 quo
1233 3625 1394 3673 anno,
1439 3624 1556 3658 cum
1591 3624 1784 3658 nomen
1816 3611 2044 3674 perierit
2081 3607 2322 3675 (Rossius
2357 3609 2573 3659 titulum
2607 3611 2796 3661 retulit
2829 3611 2902 3660 ad

336 3692 643 3743 Memmium
679 3694 971 3757 Placidum,
1016 3698 1171 3744 cuius
1208 3695 1398 3745 titulus
1441 3699 1517 3743 est
1552 3693 1618 3744 Ν.
1657 3694 1821 3754 4234,
1873 3695 2140 3744 consulem
2180 3695 2294 3745 ord.
2332 3713 2381 3748 a.
2416 3695 2545 3757 343,
2592 3698 2900 3745 coniectura

336 3778 587 3844 incerta).

513 3928 685 3998 1233
753 3931 900 3992 lulio
937 3933 1263 3994 Eubulidae
1292 3930 1300 4014 Ι
1328 3954 1379 3995 c.
1420 3953 1469 3995 v.
1516 3952 1671 3994 corr.
1704 3934 1981 3995 Tusciae¹
2023 3932 2032 4016 Ι
2072 3935 2305 4008 Xviro²‚
2351 3935 2650 4014 praefecto
2696 3935 2903 3996 aerarii

337 4033 412 4095 S.³
463 4033 720 4107 Saturni,
761 4030 771 4115 Ι
813 4034 888 4093 ob
934 4035 1201 4096 inlustria
1248 4037 1435 4115 ipsius
1472 4032 1483 4118 Ι
1522 4036 1730 4096 merita
1776 4045 1834 4096 et
1877 4055 2139 4096 amorem
2186 4034 2357 4119 iuxlta
2413 4036 2566 4096 cives
2611 4037 2754 4096 ordo
2801 4036 2899 4097 ln-

336 4134 767 4218 telramnatium
815 4146 1088 4215 patron0.

511 4234 852 4286 Interamnae
887 4237 958 4287 ad
991 4235 1189 4287 Narem
1227 4236 1441 4300 (Ter-ni)
1481 4236 1584 4298 (XI
1611 4238 1737 4289 4484
1775 4238 1913 4287 vidit
1944 4238 2262 4298 Bor-mann).
2300 4266 2365 4274 -—
2406 4239 2454 4301 1)
2492 4239 2636 4288 Idem
2671 4234 2904 4296 sortasse

336 4320 638 4370 Eubulidas
674 4323 768 4386 qui
801 4320 916 4381 fuit
946 4325 1186 4372 vicarius
1220 4322 1445 4382 Africae
1482 4339 1530 4375 α.
1554 4323 1653 4374 344
1690 4322 1832 4388 (cod.
1876 4322 2071 4376 Theod.
2094 4324 2144 4382 8,
2182 4323 2261 4387 40,
2285 4321 2365 4387 2).
2392 4351 2456 4359 -
2484 4325 2534 4387 2)
2559 4323 2902 4372 Bormannus

335 4407 601 4470 cogitavit
632 4406 697 4455 de
719 4407 1017 4457 decemviro
1044 4408 1194 4456 urbis
1219 4406 1431 4468 Romae,
1470 4405 1751 4467 conserens
1783 4406 2001 4457 titulum
2024 4423 2187 4472 supra
2215 4406 2282 4458 N.
2307 4406 2451 4471 4498,
2486 4411 2545 4458 in
2581 4424 2684 4474 quo
2727 4412 2904 4458 tamen

332 4491 548 4541 videtur
581 4489 749 4552 fuisse
784 4489 906 4553 xm]
943 4491 1037 4541 vir.
1065 4519 1123 4528 —
1154 4493 1206 4554 3)
1231 4491 1517 4541 Fortasse:
1554 4494 1764 4543 aerarii
1796 4495 1946 4542 sacri
1978 4489 2314 4553 (Hirschfeld
2354 4492 2527 4546 Ver-w.
2559 4509 2616 4558 p.
2641 4495 2717 4545 25
2750 4508 2802 4543 n.
2827 4493 2901 4556 4).

504 4641 670 4712 1234
739 4639 970 4729 [Flavio
1020 4641 1296 4729 Domitio]
1340 4645 1348 4727 Ι
1391 4647 1641 4708 Leontio
1699 4641 1778 4731 [v.
1826 4667 1905 4717 c.,
1951 4644 2271 4730 praefectJo
2312 4647 2320 4730 Ι
2359 4650 2659 4729 praetorio
2707 4649 2899 4727 adque

332 4741 680 4833 o[rd]inario
747 4747 1036 4820 consuli¹,
1090 4745 1100 4828 Ι
1154 4747 1614 4826 provocantibus
1677 4749 1804 4810 eius
1871 4749 2125 4822 meritis,
2194 4768 2344 4829 quae
2409 4770 2519 4831 per
2576 4752 2587 4833 Ι
2638 4750 2904 4829 singulos
