3432 5387
583 378 707 437 438
1689 381 1871 450 Caput
1906 381 2002 434 IX.

750 549 926 621 2172
990 555 1047 615 d.
1094 572 1172 615 m.
1226 552 1236 635 Ι
1288 554 1354 614 Τ.
1402 554 1565 615 Avidi
1612 554 1865 615 Romani
1909 555 2076 616 milit.
2128 552 2139 634 Ι
2187 555 2321 615 coh.
2384 554 2483 614 vll
2528 555 2642 633 vig.
2688 555 3008 635 siponar.¹‚
3055 552 3068 634 Ι
3145 572 3180 613 7

587 657 841 729 Laetori,
886 656 1083 718 Avidio
1124 654 1134 738 Ι
1175 657 1437 717 Romana
1476 655 1487 737 Ι
1526 667 1714 717 mater
1750 653 1762 737 Ι
1802 657 1922 717 filio
1968 656 2354 737 pientissimo.

758 755 999 821 Originis
1045 758 1314 821 urbanae,
1360 759 1439 806 est
1470 755 1785 807 Florentiae
1833 755 1939 821 (VI
1969 756 2101 807 2994
2147 756 2286 807 vidit
2317 756 2574 822 Henzen).
2621 784 2682 793 -—
2738 759 2786 820 1)
2833 757 3178 821 siphonibus

588 844 883 893 utebantur
918 841 992 891 ad
1023 841 1274 891 incendia
1310 840 1679 905 extinguenda
1716 841 1879 902 (Plin.
1921 841 1995 890 ad
2035 839 2178 893 Trai.
2213 842 2314 902 88,-
2361 841 2489 905 Dig.
2521 842 2613 905 38,
2646 840 2694 905 7,
2730 840 2814 902 42,
2851 841 2944 909 48)
2957 861 2977 903 ,·
3023 842 3177 892 unde

599 928 906 992 eoeplicatur
939 928 1083 976 inter
1119 926 1309 989 vigiles
1344 928 1581 975 inveniri
1615 928 1972 989 siphonarios.

754 1030 928 1099 2173
995 1031 1051 1092 d.
1099 1051 1176 1091 m.
1219 1032 1229 1111 Ι
1270 1033 1343 1092 Μ.
1390 1033 1531 1091 Aur.
1578 1032 1945 1109 Augustiano
1987 1035 1995 1108 Ι
2033 1045 2069 1089 7
2121 1033 2252 1092 coh.
2286 1030 2327 1087 V
2377 1032 2509 1108 vig„
2553 1032 2667 1091 vix.
2713 1052 2808 1092 an.
2867 1031 3171 1101 xxxml,

584 1140 597 1223 Ι
644 1136 909 1215 provitus
940 1153 1080 1195 ann.
1122 1132 1297 1203 XVII,
1344 1129 1642 1214 excepltor
1670 1133 1922 1213 presidi¹
1972 1134 2304 1213 provincies
2342 1131 2353 1214 Ι
2392 1133 2468 1193 Μ.
2500 1134 2573 1194 s.²
2617 1153 2757 1194 ann.
2792 1133 2919 1205 1111,
2975 1134 3172 1194 lectus

586 1237 648 1297 in
715 1234 1060 1317 praesteria,
1119 1253 1302 1314 eques
1360 1237 1477 1296 sive
1534 1232 1878 1316 tabullarius
1935 1254 2076 1296 ann.
2124 1235 2202 1308 V,
2264 1237 2449 1296 sactus
2497 1252 2529 1296 7
2583 1232 2593 1316 Ι
2643 1236 2704 1295 in
2754 1235 2952 1314 Syria,
3023 1234 3166 1295 vixit

589 1356 730 1398 ann.
780 1336 943 1410 vul,
998 1334 1009 1417 Ι
1060 1337 1296 1398 Claudia
1343 1337 1551 1398 Pacata
1598 1338 1816 1397 coniux
1856 1334 1868 1417 Ι
1906 1338 2169 1417 piissimo
2230 1348 2289 1396 et
2332 1337 2539 1417 Ulpius
2584 1335 2911 1417 Maricellus
2973 1355 3168 1416 nepos

592 1439 649 1499 b.
695 1458 773 1499 m.
824 1434 1128 1519 secelrunt.

760 1536 957 1587 Romae
995 1537 1100 1603 (VI
1132 1539 1263 1590 2977
1298 1543 1489 1605 quater
1524 1540 1794 1603 descripta
1840 1555 1975 1589 saec.
2011 1537 2179 1602 XVI).
2229 1567 2294 1574 —-
2357 1541 2401 1598 1)
2450 1537 2729 1601 Intellege:
2771 1536 3058 1600 praesidis.
3097 1565 3166 1574 —

589 1626 641 1686 2)
676 1623 905 1673 Moesiae
937 1626 1246 1686 superioris.

759 1726 929 1795 2174
991 1744 1030 1814 4
1058 1730 1315 1803 Maxim„
1351 1730 1520 1789 Vetti.
1554 1728 1921 1807 F310rentini.
1961 1726 1972 1809 Ι
2012 1728 2360 1788 sebaciaria¹
2414 1727 2424 1802 Ι
2465 1727 2575 1787 feci
2622 1746 2823 1786 mense
2875 1726 2884 1808 Ι
2928 1727 3160 1787 luni0².

592 1841 786 1909 gratas
829 1832 988 1909 aga³
1033 1831 1223 1892 Genio
1268 1830 1625 1892 escubitori⁴
1663 1829 1674 1911 Ι
1715 1840 1775 1891 et
1818 1825 2296 1911 ceomanipullis⁶
2338 1829 2461 1890 suis
2504 1829 2563 1889 in
2611 1826 2938 1909 perpetulo.

755 1929 925 1999 2175
992 1934 1123 1993 coh.
1160 1928 1487 2016 v11vi[92·l.]
1518 1932 1936 2006 Antoniniana,
1972 1930 1980 2010 Ι
2019 1944 2056 1989 7
2088 1924 2434 2015 Saluta[r]is‚
2470 1927 2480 2009 Ι
2512 1929 2822 1991 Cornelius
2851 1930 3162 1991 Iucundus

589 2033 783 2094 sebae.
824 2033 835 2114 Ι
877 2035 1013 2094 fecit
1060 2052 1265 2094 mense
1311 2033 1484 2094 Febr.
1525 2032 1536 2114 Ι
1576 2035 1723 2094 Leto
1776 2034 1821 2094 ΙΙ
1870 2043 1929 2092 et
1971 2032 2195 2092 Ceriale
2242 2030 2390 2093 cos.⁰

753 2132 926 2201 2176
990 2134 1312 2217 cho.1ViI
1368 2136 1477 2214 vig.
1520 2136 1532 2214 Ι
1571 2136 1712 2215 imp.
1771 2135 1848 2194 M.
1910 2131 2165 2217 Aurelilo
2213 2133 2432 2194 Severo
2492 2130 2844 2213 Alexanldro
2902 2135 3082 2203 cos.⁷‚
3149 2144 3154 2211 Ι

589 2235 833 2315 optione
894 2237 956 2296 P.
1005 2235 1286 2318 Numisilo
1334 2237 1590 2315 Nepote,
1642 2249 1677 2293 γ
1737 2234 2055 2314 adiutolre‘⁴
2101 2235 2383 2314 Pompeio
2429 2234 2617 2306 Celso,
2653 2248 2691 2292 γ
2738 2232 2747 2316 Ι
2797 2235 2870 2296 ⁷⁹
2915 2236 3156 2297 Aurelio

589 2334 943 2416 Herculalno
988 2336 1250 2398 Rubrius
1295 2338 1511 2398 Dexter
1548 2336 1559 2420 Ι
1599 2337 1919 2399 sebaciaria
1964 2338 2105 2399 fecit
2148 2337 2370 2421 menlse
2415 2336 2596 2408 Maio,
2645 2337 2885 2396 nomine
2932 2336 3154 2397 Claudii

591 2433 995 2523 [Fortussnati.
1035 2435 1046 2518 Ι
1100 2438 1297 2499 omnia
1344 2450 1484 2512 tuta,
1535 2438 1546 2521 Ι
1588 2439 1745 2500 salvo
1794 2440 2223 2513 emituliario¹⁰‚
2262 2438 2272 2521 Ι
2316 2438 2592 2500 feliciter!
2669 2445 2885 2511 (Juxta)
2933 2449 3048 2499 vot.
3105 2438 3154 2498 X

588 2575 671 2585 —
716 2552 831 2601 vot.
878 2540 999 2599 XX.

758 2640 929 2712 2177
995 2643 1137 2722 imp.
1185 2642 1401 2704 Severo
1451 2642 1732 2704 Alexand.
1765 2629 1862 2705 ἸῙῙ
1902 2640 1912 2725 Ι
1951 2653 2010 2705 et
2054 2642 2249 2705 Cassio
2298 2644 2485 2705 Dione
2532 2644 2684 2705 iteru
2744 2644 2932 2717 coS.¹¹‚
2973 2640 2984 2725 Ι
3023 2643 3149 2738 00-1-13

592 2744 693 2806 v11
750 2745 988 2823 vigilum
1047 2744 1360 2805 severiane
1428 2742 1438 2825 Ι
1491 2758 1527 2802 Υ
1576 2745 1817 2818 Felicis,
1880 2746 2152 2806 Purius¹²
2196 2744 2397 2806 Victor
2445 2746 2455 2825 Ι
2505 2747 2823 2808 sebaciaria
2884 2748 3020 2807 fecit
3077 2765 3150 2806 m.

594 2847 602 2927 Ι
654 2845 826 2908 Febr.
875 2846 968 2906 Ι.13
1033 2846 1245 2909 Omnia
1290 2856 1435 2908 tuta.
1469 2846 1632 2908 Votis
1676 2847 1746 2920 X,
1786 2847 1796 2931 Ι
1838 2848 2098 2927 cogiariu
2144 2847 2194 2907 X
2238 2848 2500 2909 aurios.¹⁴

756 2945 954 2997 Romae
979 2951 1131 2998 trans
1155 2946 1385 2997 Tiberim
1409 2951 1468 2996 in
1493 2947 1736 3009 aedificii
1753 2947 2045 3010 cuiusdam,
2071 2948 2214 3013 quod
2229 2949 2625 2997 est-cubitorium
2644 2950 2883 2999 cohortis
2905 2951 3150 3014 septimae

586 3031 815 3095 vigilum
840 3030 1008 3090 fuisse
1031 3034 1246 3084 videtur
1272 3030 1368 3098 (cf.
1388 3036 1497 3082 not.
1512 3032 1587 3098 4),
1607 3035 1921 3097 parietibus,
1947 3035 2324 3098 inscriptiones
2340 3034 2681 3098 scariphatae
2706 3033 2737 3098 (
2736 3034 2792 3085 V
2786 3034 2815 3083 Ι
2830 3034 2980 3086 3040.
3002 3034 3150 3085 3002.

587 3117 735 3167 3076.
767 3118 957 3178 2998),·
992 3118 1171 3166 eodem
1208 3118 1323 3167 loco
1362 3121 1555 3166 eaetant
1575 3117 1777 3168 multae
1811 3118 1954 3168 aliae
1976 3119 2176 3167 similes
2211 3119 2586 3182 inscriptiones
2622 3118 2730 3177 (Vl
2759 3118 3148 3179 2999-3094).

589 3229 656 3238 -
706 3202 755 3262 1)
796 3202 1125 3252 Vocabulum
1169 3203 1304 3253 alibi
1337 3218 1445 3252 non
1482 3207 1781 3268 repertum,
1829 3205 2126 3254 derivatum
2139 3241 2154 3265 ‚
2199 3207 2259 3251 ut
2295 3204 2523 3252 coniecit
2557 3203 2613 3253 P.
2649 3203 2712 3254 H.
2749 3203 3076 3268 Viscontius,
3118 3220 3147 3252 a

587 3287 726 3347 sebo,
760 3286 838 3334 ita
864 3289 925 3335 ut
948 3288 1246 3337 sebaciaria
1272 3285 1473 3350 facere,
1510 3288 1654 3352 quod
1686 3290 1747 3338 in
1777 3288 2053 3354 plerisque
2089 3289 2172 3337 liis
2206 3287 2382 3336 titulis
2417 3287 2604 3351 vigiles
2639 3288 2703 3336 de
2736 3304 2791 3337 se
2821 3289 3148 3353 praedicant,

587 3370 729 3420 idem
762 3373 837 3420 sit
872 3371 1016 3437 quod
1050 3363 1271 3421 lumina
1294 3371 1595 3425 accendere.
1659 3373 1766 3422 Sed
1811 3376 1928 3438 ipsa
1965 3374 2096 3422 haec
2143 3389 2228 3422 res
2265 3389 2368 3438 quo
2400 3375 2694 3437 pertineat,
2738 3375 3147 3438 incompertum,-

592 3453 663 3515 cs'.
709 3459 952 3507 virorum
1000 3457 1282 3507 doctorum
1333 3458 1696 3520 coniecturas,
1747 3474 1831 3523 ap.
1869 3458 2080 3507 Henzen
2132 3473 2256 3508 ann.
2304 3460 2427 3507 inst.
2476 3459 2621 3507 arch.
2658 3457 2782 3508 4874
2826 3474 2880 3523 p.
2918 3459 3018 3510 420
3035 3474 3147 3522 seq„

601 3541 895 3592 Centarelti
929 3541 1052 3592 bull.
1091 3557 1223 3592 com.
1259 3542 1388 3592 4886
1420 3557 1473 3606 p.
1510 3542 1613 3591 257
1630 3558 1735 3608 seq.
1782 3570 1846 3579 —
1896 3545 1946 3604 2)
2000 3540 2252 3604 Officium
2299 3543 2596 3593 sebaciaria
2634 3540 2877 3602 faciendi
2920 3559 3018 3607 per
3048 3547 3144 3591 sin·

587 3627 751 3691 gulos
784 3643 983 3678 menses
1019 3627 1233 3677 videtur
1257 3627 1511 3690 vigilibus
1536 3629 1842 3677 iniunctum
1867 3626 2051 3688 fuisse.
2087 3657 2150 3664 —
2189 3629 2242 3690 3)
2278 3627 2427 3678 Scr..·
2463 3627 2655 3693 gratias
2691 3641 2853 3692 agam.
2878 3655 2947 3664 —
2973 3620 3147 3686 4)‘c‹›-

590 3713 773 3762 lior-tes
820 3711 1044 3775 vigilum
1097 3712 1223 3772 VII,
1273 3726 1501 3775 quorum
1541 3713 1880 3762 excubitoria
1926 3703 2108 3763 XIIII'
2158 3711 2357 3777 legitur
2402 3714 2461 3762 in
2509 3713 2779 3762 breviario
2828 3712 3036 3762 adiecto
3082 3711 3148 3760 ad

590 3794 856 3846 Notitiam
890 3797 1041 3845 urbis
1077 3796 1309 3857 (Jordan
1336 3800 1441 3860 top.
1470 3796 1525 3847 11
1553 3812 1607 3860 p.
1631 3797 1780 3860 373).
1839 3797 2162 3858 Aedificium
2197 3799 2388 3862 igitur,
2423 3801 2481 3848 in
2517 3812 2620 3862 quo
2658 3799 2756 3847 liae
2782 3798 3146 3860 inscriptiones

589 3884 833 3946 repertae
853 3885 996 3946 sunt,
1013 3877 1127 3939 fuit
1149 3882 1545 3930 excubitorium
1569 3882 1805 3932 cohortis
1820 3885 2074 3949 septimae
2093 3884 2336 3947 vigilum,
2357 3884 2676 3934 destinatum
2696 3881 2897 3932 tutelae
2920 3882 3146 3946 regionis

590 3966 825 4017 decimae
860 3969 1102 4031 quartae.
1141 3993 1197 4001 —
1244 3968 1295 4028 5)
1333 3965 1484 4016 Scr.:
1521 3967 1929 4034 commanipulis.
1969 3997 2024 4004 —
2076 3973 2127 4030 6)
2169 3971 2234 4021 Α.
2269 3968 2391 4021 243.
2451 3969 2578 4020 Cum
2612 3967 2795 4018 multis
2836 3983 2909 4016 ex
2952 3968 3035 4016 tuis
3075 3968 3145 4014 in-

592 4052 1002 4117 scriptiunculis
1025 4051 1225 4101 adiecti
1246 4056 1373 4102 sunt
1399 4052 1653 4114 consules,
1678 4053 1822 4104 nulli
1846 4055 2194 4118 reperiuntur
2218 4056 2551 4118 antiquiores
2574 4067 2732 4117 quam
2760 4053 2832 4102 lii.
2853 4080 2918 4088 —
2948 4053 2999 4114 7)
3023 4050 3146 4102 Mihi

591 4137 807 4188 videtur
833 4136 1143 4202 significari
1167 4139 1476 4187 consulatus
1509 4136 1815 4188 Alexandri
1844 4140 2072 4204 primus,
2109 4153 2263 4205 quem
2297 4140 2428 4188 iniit
2462 4152 2581 4189 cum
2605 4137 2906 4201 Elagabalo
2946 4152 2995 4189 a.
3030 4135 3141 4187 222.

592 4252 653 4260 -—
686 4225 735 4286 8)
764 4222 1105 4273 Centurionis
1129 4223 1392 4274 adiutore.
1454 4221 1597 4272 Idem
1633 4223 1855 4273 adiutor
1881 4227 2214 4274 centurionis
2236 4227 2567 4273 memoratur
2602 4221 2651 4273 V
2652 4223 2684 4271 I
2698 4224 2833 4275 3069
2869 4240 3014 4274 anno
3037 4221 3142 4273 224,

592 4336 654 4344 -
683 4310 735 4368 9)
771 4306 916 4358 Nota
953 4309 1284 4357 centurionis
1319 4308 1397 4356 bis
1428 4310 1606 4371 posita
1644 4307 1778 4372 quid
1810 4310 1917 4358 sibi
1949 4308 2093 4370 velit,
2130 4313 2323 4360 nescio.
2357 4336 2428 4346 —
2468 4309 2549 4371 10)
2584 4307 2969 4359 Emituliarius
3006 4323 3143 4358 voca-

589 4393 801 4457 bulum,
844 4395 989 4458 quod
1022 4392 1213 4442 tectum
1249 4395 1329 4441 est
1364 4395 1527 4442 etiam
1563 4394 1622 4442 in
1657 4393 1830 4443 altera
1866 4395 2099 4444 eiusdem
2143 4394 2383 4456 aedificii
2425 4394 2804 4457 inscriptione,
2855 4394 3142 4444 des-icatum

590 4477 803 4528 videtur
837 4479 903 4528 ab
929 4478 1185 4539 emitolio,
1213 4475 1285 4537 cf.
1315 4475 1373 4528 G.
1400 4476 1589 4527 Locroe
1625 4478 1751 4529 bull.
1789 4478 1910 4529 dell'
1948 4479 2075 4532 Inst.
2101 4478 2233 4531 4882
2266 4494 2319 4544 p.
2354 4479 2435 4530 60.
2471 4478 2580 4529 494.
2617 4507 2680 4514 -
2722 4479 2804 4540 11)
2840 4480 2904 4529 A.
2940 4479 3060 4529 229.
3084 4503 3142 4513 -

595 4564 680 4626 12)
714 4561 913 4612 Mirum
948 4577 1174 4624 nomen;
1214 4564 1452 4627 primam
1489 4560 1723 4613 litteram
1759 4579 1869 4613 non
1906 4568 2107 4612 certam
2152 4563 2246 4613 sed
2284 4563 2615 4628 probabilem
2662 4580 2768 4613 esse
2812 4567 2894 4613 ait
2929 4564 3144 4613 Henzen.

598 4647 679 4708 13)
717 4646 939 4696 Lineola
976 4662 1130 4712 casu,
1171 4662 1280 4697 non
1317 4647 1541 4697 consilio
1578 4647 1806 4698 adiecta.
1843 4675 1908 4685 —
1950 4649 2030 4710 14)
2071 4647 2175 4711 Qui
2206 4650 2438 4713 scripsit,
2475 4651 2738 4712 cogitavit
2772 4648 2835 4696 de
2872 4647 3144 4710 congiario

594 4730 740 4794 quod
772 4730 999 4780 divisum
1035 4733 1111 4780 iri
1144 4732 1393 4795 sperabat
1429 4732 1516 4782 die
1549 4729 1691 4791 festo
1729 4731 2094 4783 decennalium
2131 4732 2455 4785 Alea-andri.
