<?xml version="1.0" encoding="UTF-8"?>
<!DOCTYPE html PUBLIC "-//W3C//DTD XHTML 1.0 Transitional//EN"
    "http://www.w3.org/TR/xhtml1/DTD/xhtml1-transitional.dtd">
<html xmlns="http://www.w3.org/1999/xhtml" xml:lang="en" lang="en">
 <head>
  <title>
</title>
<meta http-equiv="Content-Type" content="text/html;charset=utf-8" />
  <meta name='ocr-system' content='tesseract 3.04.00' />
  <meta name='ocr-capabilities' content='ocr_page ocr_carea ocr_par ocr_line ocrx_word'/>
</head>
<body>
  <div class='ocr_page' id='page_1' title='image "./inscriptionesla00unkngoog_0079.png"; bbox 0 0 3432 5387; ppageno 0'>
   <div class='ocr_carea' id='block_1_1' title="bbox 917 354 2876 425">
    <p class='ocr_par' dir='ltr' id='par_1_1' title="bbox 917 354 2876 425">
     <span class='ocr_line' id='line_1_1' title="bbox 917 354 2876 425; baseline 0.002 -18"><span class='ocrx_word' id='word_1_1' title='bbox 917 354 1085 407; x_wconf 88' lang='lat' dir='ltr'><strong>Tituli</strong></span> <span class='ocrx_word' id='word_1_2' title='bbox 1124 354 1508 422; x_wconf 80' lang='lat' dir='ltr'><strong>imperatorum</strong></span> <span class='ocrx_word' id='word_1_3' title='bbox 1545 356 1843 424; x_wconf 87' lang='lat' dir='ltr'><strong>domusque</strong></span> <span class='ocrx_word' id='word_1_4' title='bbox 1879 356 2280 425; x_wconf 76' lang='lat' dir='ltr'><strong>imperatoriae.</strong></span> <span class='ocrx_word' id='word_1_5' title='bbox 2796 360 2876 418; x_wconf 85' lang='grc'><strong>67</strong></span> 
     </span>
    </p>
   </div>
   <div class='ocr_carea' id='block_1_2' title="bbox 416 579 2748 680">
    <p class='ocr_par' dir='ltr' id='par_1_2' title="bbox 416 579 2748 680">
     <span class='ocr_line' id='line_1_2' title="bbox 416 579 2748 680; baseline 0.002 -27"><span class='ocrx_word' id='word_1_6' title='bbox 416 579 947 674; x_wconf 82' lang='lat' dir='ltr'>Fragmentum</span> <span class='ocrx_word' id='word_1_7' title='bbox 1001 581 1188 674; x_wconf 85' lang='lat' dir='ltr'><strong>legis</strong></span> <span class='ocrx_word' id='word_1_8' title='bbox 1242 604 1427 676; x_wconf 85' lang='lat' dir='ltr'><strong>quae</strong></span> <span class='ocrx_word' id='word_1_9' title='bbox 1482 580 1742 655; x_wconf 88' lang='lat' dir='ltr'><strong>dieitur</strong></span> <span class='ocrx_word' id='word_1_10' title='bbox 1794 582 1883 656; x_wconf 92' lang='lat' dir='ltr'><strong>de</strong></span> <span class='ocrx_word' id='word_1_11' title='bbox 1936 582 2233 677; x_wconf 89' lang='lat' dir='ltr'><strong>imperio</strong></span> <span class='ocrx_word' id='word_1_12' title='bbox 2288 582 2748 680; x_wconf 77' lang='lat' dir='ltr'><strong>Vespasiani.</strong></span> 
     </span>
    </p>
   </div>
   <div class='ocr_carea' id='block_1_3' title="bbox 262 731 2973 3579">
    <p class='ocr_par' dir='ltr' id='par_1_3' title="bbox 266 731 2875 921">
     <span class='ocr_line' id='line_1_3' title="bbox 479 731 2875 824; baseline 0.002 -30"><span class='ocrx_word' id='word_1_13' title='bbox 479 731 609 801; x_wconf 78' lang='grc'><strong>244</strong></span> <span class='ocrx_word' id='word_1_14' title='bbox 676 734 955 797; x_wconf 78' lang='lat' dir='ltr'><strong>foedusve</strong></span> <span class='ocrx_word' id='word_1_15' title='bbox 999 753 1133 795; x_wconf 91' lang='lat' dir='ltr'><strong>cum</strong></span> <span class='ocrx_word' id='word_1_16' title='bbox 1180 734 1397 814; x_wconf 90' lang='lat' dir='ltr'><strong>quibus</strong></span> <span class='ocrx_word' id='word_1_17' title='bbox 1426 735 1580 795; x_wconf 87' lang='lat' dir='ltr'><strong>volet</strong></span> <span class='ocrx_word' id='word_1_18' title='bbox 1618 735 1810 795; x_wconf 85' lang='lat' dir='ltr'><strong>facere</strong></span> <span class='ocrx_word' id='word_1_19' title='bbox 1842 733 2028 807; x_wconf 85' lang='lat' dir='ltr'><strong>liceat,</strong></span> <span class='ocrx_word' id='word_1_20' title='bbox 2077 734 2153 794; x_wconf 91' lang='lat' dir='ltr'><strong>ita</strong></span> <span class='ocrx_word' id='word_1_21' title='bbox 2184 736 2269 795; x_wconf 92' lang='lat' dir='ltr'><strong>uti</strong></span> <span class='ocrx_word' id='word_1_22' title='bbox 2301 736 2466 798; x_wconf 89' lang='lat' dir='ltr'><strong>licuit</strong></span> <span class='ocrx_word' id='word_1_23' title='bbox 2494 738 2626 799; x_wconf 88' lang='lat' dir='ltr'><strong>divo</strong></span> <span class='ocrx_word' id='word_1_24' title='bbox 2660 741 2831 818; x_wconf 64' lang='lat' dir='ltr'><strong>Aug„</strong></span> <span class='ocrx_word' id='word_1_25' title='bbox 2867 739 2875 824; x_wconf 99' lang='grc' dir='ltr'>Ι</span> 
     </span>
     <span class='ocr_line' id='line_1_4' title="bbox 266 835 2727 921; baseline 0.002 -26"><span class='ocrx_word' id='word_1_26' title='bbox 266 835 383 896; x_wconf 85' lang='lat' dir='ltr'><strong>Ti.</strong></span> <span class='ocrx_word' id='word_1_27' title='bbox 448 836 594 897; x_wconf 88' lang='lat' dir='ltr'><strong>lulio</strong></span> <span class='ocrx_word' id='word_1_28' title='bbox 640 836 871 899; x_wconf 83' lang='lat' dir='ltr'><strong>Caesari</strong></span> <span class='ocrx_word' id='word_1_29' title='bbox 918 840 1090 917; x_wconf 64' lang='lat' dir='ltr'><strong>Aug„</strong></span> <span class='ocrx_word' id='word_1_30' title='bbox 1137 836 1498 917; x_wconf 86' lang='lat' dir='ltr'><strong>Tiberioque</strong></span> <span class='ocrx_word' id='word_1_31' title='bbox 1543 836 1786 898; x_wconf 88' lang='lat' dir='ltr'><strong>Claudio</strong></span> <span class='ocrx_word' id='word_1_32' title='bbox 1833 836 2059 898; x_wconf 79' lang='lat' dir='ltr'><strong>Caesari</strong></span> <span class='ocrx_word' id='word_1_33' title='bbox 2110 838 2255 915; x_wconf 85' lang='lat' dir='ltr'><strong>Aug.</strong></span> <span class='ocrx_word' id='word_1_34' title='bbox 2303 838 2676 902; x_wconf 83' lang='lat' dir='ltr'><strong>Germanice.</strong></span> <span class='ocrx_word' id='word_1_35' title='bbox 2717 840 2727 921; x_wconf 91' lang='grc' dir='ltr'>Ι</span> 
     </span>
    </p>

    <p class='ocr_par' dir='ltr' id='par_1_4' title="bbox 262 939 2951 1228">
     <span class='ocr_line' id='line_1_5' title="bbox 480 939 2876 1024; baseline 0.002 -23"><span class='ocrx_word' id='word_1_36' title='bbox 480 940 696 1019; x_wconf 89' lang='lat' dir='ltr'><strong>Utique</strong></span> <span class='ocrx_word' id='word_1_37' title='bbox 726 939 780 1000; x_wconf 90' lang='lat' dir='ltr'><strong>ei</strong></span> <span class='ocrx_word' id='word_1_38' title='bbox 810 949 1079 1001; x_wconf 90' lang='lat' dir='ltr'><strong>senatum</strong></span> <span class='ocrx_word' id='word_1_39' title='bbox 1112 939 1345 1013; x_wconf 89' lang='lat' dir='ltr'><strong>habere,</strong></span> <span class='ocrx_word' id='word_1_40' title='bbox 1393 939 1743 1001; x_wconf 85' lang='lat' dir='ltr'><strong>relationem</strong></span> <span class='ocrx_word' id='word_1_41' title='bbox 1776 941 1989 1013; x_wconf 82' lang='lat' dir='ltr'><strong>facere,</strong></span> <span class='ocrx_word' id='word_1_42' title='bbox 2036 941 2352 1015; x_wconf 75' lang='lat' dir='ltr'><strong>remittere,</strong></span> <span class='ocrx_word' id='word_1_43' title='bbox 2399 953 2639 1005; x_wconf 87' lang='lat' dir='ltr'><strong>senatus</strong></span> <span class='ocrx_word' id='word_1_44' title='bbox 2677 942 2687 1024; x_wconf 92' lang='grc' dir='ltr'>Ι</span> <span class='ocrx_word' id='word_1_45' title='bbox 2727 962 2876 1005; x_wconf 91' lang='lat' dir='ltr'><strong>cou-</strong></span> 
     </span>
     <span class='ocr_line' id='line_1_6' title="bbox 264 1041 2951 1125; baseline 0.003 -22"><span class='ocrx_word' id='word_1_46' title='bbox 264 1042 460 1103; x_wconf 87' lang='lat' dir='ltr'><strong>sulta</strong></span> <span class='ocrx_word' id='word_1_47' title='bbox 503 1060 614 1123; x_wconf 86' lang='lat' dir='ltr'><strong>per</strong></span> <span class='ocrx_word' id='word_1_48' title='bbox 659 1041 1007 1103; x_wconf 89' lang='lat' dir='ltr'><strong>relationem</strong></span> <span class='ocrx_word' id='word_1_49' title='bbox 1038 1041 1578 1121; x_wconf 82' lang='lat' dir='ltr'><strong>discessionemque</strong></span> <span class='ocrx_word' id='word_1_50' title='bbox 1614 1042 1810 1102; x_wconf 84' lang='lat' dir='ltr'><strong>facere</strong></span> <span class='ocrx_word' id='word_1_51' title='bbox 1841 1041 2031 1113; x_wconf 87' lang='lat' dir='ltr'><strong>liceat,</strong></span> <span class='ocrx_word' id='word_1_52' title='bbox 2072 1043 2082 1122; x_wconf 94' lang='grc' dir='ltr'>Ι</span> <span class='ocrx_word' id='word_1_53' title='bbox 2121 1042 2197 1103; x_wconf 84' lang='lat' dir='ltr'><strong>ita</strong></span> <span class='ocrx_word' id='word_1_54' title='bbox 2228 1043 2313 1104; x_wconf 91' lang='lat' dir='ltr'><strong>uti</strong></span> <span class='ocrx_word' id='word_1_55' title='bbox 2346 1044 2508 1106; x_wconf 89' lang='lat' dir='ltr'><strong>licuit</strong></span> <span class='ocrx_word' id='word_1_56' title='bbox 2538 1045 2669 1106; x_wconf 89' lang='lat' dir='ltr'><strong>divo</strong></span> <span class='ocrx_word' id='word_1_57' title='bbox 2702 1049 2876 1125; x_wconf 67' lang='lat' dir='ltr'><strong>Aug„</strong></span> <span class='ocrx_word' id='word_1_58' title='bbox 2921 1062 2951 1110; x_wconf 85' lang='lat'><strong>5</strong></span> 
     </span>
     <span class='ocr_line' id='line_1_7' title="bbox 262 1140 2614 1228; baseline 0.002 -25"><span class='ocrx_word' id='word_1_59' title='bbox 262 1143 383 1203; x_wconf 86' lang='lat' dir='ltr'><strong>Ti.</strong></span> <span class='ocrx_word' id='word_1_60' title='bbox 446 1143 593 1204; x_wconf 91' lang='lat' dir='ltr'><strong>lulio</strong></span> <span class='ocrx_word' id='word_1_61' title='bbox 640 1143 868 1206; x_wconf 86' lang='lat' dir='ltr'><strong>Caesari</strong></span> <span class='ocrx_word' id='word_1_62' title='bbox 913 1145 1087 1224; x_wconf 67' lang='lat' dir='ltr'><strong>Aug„</strong></span> <span class='ocrx_word' id='word_1_63' title='bbox 1131 1144 1220 1205; x_wconf 92' lang='lat' dir='ltr'><strong>Ti.</strong></span> <span class='ocrx_word' id='word_1_64' title='bbox 1267 1144 1508 1206; x_wconf 89' lang='lat' dir='ltr'><strong>Claudio</strong></span> <span class='ocrx_word' id='word_1_65' title='bbox 1555 1143 1787 1205; x_wconf 87' lang='lat' dir='ltr'><strong>Caesari</strong></span> <span class='ocrx_word' id='word_1_66' title='bbox 1827 1140 1837 1224; x_wconf 93' lang='grc' dir='ltr'>Ι</span> <span class='ocrx_word' id='word_1_67' title='bbox 1879 1146 2142 1222; x_wconf 85' lang='lat' dir='ltr'><strong>Augusto</strong></span> <span class='ocrx_word' id='word_1_68' title='bbox 2189 1144 2561 1207; x_wconf 91' lang='lat' dir='ltr'><strong>Germanico.</strong></span> <span class='ocrx_word' id='word_1_69' title='bbox 2603 1144 2614 1228; x_wconf 89' lang='grc' dir='ltr'>Ι</span> 
     </span>
    </p>

    <p class='ocr_par' dir='ltr' id='par_1_5' title="bbox 265 1244 2877 1533">
     <span class='ocr_line' id='line_1_8' title="bbox 478 1244 2877 1333; baseline 0.002 -26"><span class='ocrx_word' id='word_1_70' title='bbox 478 1247 724 1326; x_wconf 84' lang='lat' dir='ltr'><strong>Utique,</strong></span> <span class='ocrx_word' id='word_1_71' title='bbox 784 1265 919 1309; x_wconf 89' lang='lat' dir='ltr'><strong>cum</strong></span> <span class='ocrx_word' id='word_1_72' title='bbox 964 1266 1035 1308; x_wconf 85' lang='lat' dir='ltr'><strong>ex</strong></span> <span class='ocrx_word' id='word_1_73' title='bbox 1078 1246 1376 1306; x_wconf 85' lang='lat' dir='ltr'><strong>voluntate</strong></span> <span class='ocrx_word' id='word_1_74' title='bbox 1421 1244 1845 1306; x_wconf 87' lang='lat' dir='ltr'><strong>auctoritateve</strong></span> <span class='ocrx_word' id='word_1_75' title='bbox 1892 1245 2050 1306; x_wconf 88' lang='lat' dir='ltr'><strong>iussu</strong></span> <span class='ocrx_word' id='word_1_76' title='bbox 2099 1246 2447 1308; x_wconf 91' lang='lat' dir='ltr'><strong>mandatuve</strong></span> <span class='ocrx_word' id='word_1_77' title='bbox 2492 1250 2618 1310; x_wconf 88' lang='lat' dir='ltr'><strong>eius</strong></span> <span class='ocrx_word' id='word_1_78' title='bbox 2655 1247 2665 1333; x_wconf 89' lang='grc' dir='ltr'>Ι</span> <span class='ocrx_word' id='word_1_79' title='bbox 2705 1268 2877 1330; x_wconf 89' lang='lat' dir='ltr'><strong>prae-</strong></span> 
     </span>
     <span class='ocr_line' id='line_1_9' title="bbox 265 1348 2873 1431; baseline 0.002 -23"><span class='ocrx_word' id='word_1_80' title='bbox 265 1359 546 1409; x_wconf 84' lang='lat' dir='ltr'><strong>senteve</strong></span> <span class='ocrx_word' id='word_1_81' title='bbox 590 1366 662 1409; x_wconf 91' lang='lat' dir='ltr'><strong>eo</strong></span> <span class='ocrx_word' id='word_1_82' title='bbox 707 1358 950 1411; x_wconf 90' lang='lat' dir='ltr'><strong>senatus</strong></span> <span class='ocrx_word' id='word_1_83' title='bbox 996 1348 1339 1419; x_wconf 79' lang='lat' dir='ltr'><strong>habebitur,</strong></span> <span class='ocrx_word' id='word_1_84' title='bbox 1387 1348 1653 1408; x_wconf 90' lang='lat' dir='ltr'><strong>omnium</strong></span> <span class='ocrx_word' id='word_1_85' title='bbox 1698 1366 1897 1408; x_wconf 89' lang='lat' dir='ltr'><strong>rerum</strong></span> <span class='ocrx_word' id='word_1_86' title='bbox 1945 1348 2036 1409; x_wconf 89' lang='lat' dir='ltr'><strong>ius</strong></span> <span class='ocrx_word' id='word_1_87' title='bbox 2081 1349 2329 1427; x_wconf 86' lang='lat' dir='ltr'><strong>perinde</strong></span> <span class='ocrx_word' id='word_1_88' title='bbox 2368 1350 2378 1431; x_wconf 89' lang='grc' dir='ltr'>Ι</span> <span class='ocrx_word' id='word_1_89' title='bbox 2416 1350 2703 1413; x_wconf 76' lang='lat' dir='ltr'><strong>habeatur</strong></span> <span class='ocrx_word' id='word_1_90' title='bbox 2746 1371 2873 1414; x_wconf 89' lang='lat' dir='ltr'><strong>ser-</strong></span> 
     </span>
     <span class='ocr_line' id='line_1_10' title="bbox 272 1449 2257 1533; baseline 0.001 -24"><span class='ocrx_word' id='word_1_91' title='bbox 272 1462 493 1523; x_wconf 76' lang='lat' dir='ltr'><strong>vetur,</strong></span> <span class='ocrx_word' id='word_1_92' title='bbox 540 1470 608 1513; x_wconf 89' lang='lat' dir='ltr'><strong>ac</strong></span> <span class='ocrx_word' id='word_1_93' title='bbox 651 1452 700 1513; x_wconf 90' lang='lat' dir='ltr'><strong>si</strong></span> <span class='ocrx_word' id='word_1_94' title='bbox 748 1471 780 1513; x_wconf 93' lang='lat' dir='ltr'><strong>e</strong></span> <span class='ocrx_word' id='word_1_95' title='bbox 826 1454 954 1532; x_wconf 90' lang='lat' dir='ltr'><strong>lege</strong></span> <span class='ocrx_word' id='word_1_96' title='bbox 998 1460 1239 1513; x_wconf 87' lang='lat' dir='ltr'><strong>senatus</strong></span> <span class='ocrx_word' id='word_1_97' title='bbox 1283 1451 1509 1512; x_wconf 89' lang='lat' dir='ltr'><strong>edictus</strong></span> <span class='ocrx_word' id='word_1_98' title='bbox 1553 1459 1709 1511; x_wconf 90' lang='lat' dir='ltr'><strong>esset</strong></span> <span class='ocrx_word' id='word_1_99' title='bbox 1753 1449 2206 1529; x_wconf 86' lang='lat' dir='ltr'><strong>habereturque.</strong></span> <span class='ocrx_word' id='word_1_100' title='bbox 2246 1449 2257 1533; x_wconf 93' lang='grc' dir='ltr'>Ι</span> 
     </span>
    </p>

    <p class='ocr_par' dir='ltr' id='par_1_6' title="bbox 274 1552 2973 1940">
     <span class='ocr_line' id='line_1_11' title="bbox 476 1552 2973 1637; baseline 0.001 -22"><span class='ocrx_word' id='word_1_101' title='bbox 476 1554 690 1633; x_wconf 83' lang='lat' dir='ltr'><strong>Utique</strong></span> <span class='ocrx_word' id='word_1_102' title='bbox 750 1575 899 1636; x_wconf 88' lang='lat' dir='ltr'><strong>quos</strong></span> <span class='ocrx_word' id='word_1_103' title='bbox 954 1556 1352 1635; x_wconf 88' lang='lat' dir='ltr'><strong>magistratum</strong></span> <span class='ocrx_word' id='word_1_104' title='bbox 1406 1561 1762 1633; x_wconf 81' lang='lat' dir='ltr'><strong>potestatem</strong></span> <span class='ocrx_word' id='word_1_105' title='bbox 1810 1552 2122 1631; x_wconf 87' lang='lat' dir='ltr'><strong>imperium</strong></span> <span class='ocrx_word' id='word_1_106' title='bbox 2169 1555 2609 1616; x_wconf 87' lang='lat' dir='ltr'><strong>curationemve</strong></span> <span class='ocrx_word' id='word_1_107' title='bbox 2649 1555 2659 1637; x_wconf 94' lang='grc' dir='ltr'>Ι</span> <span class='ocrx_word' id='word_1_108' title='bbox 2699 1558 2869 1619; x_wconf 90' lang='lat' dir='ltr'><strong>cuius</strong></span> <span class='ocrx_word' id='word_1_109' title='bbox 2917 1554 2973 1604; x_wconf 90' lang='lat'><strong>¹⁰</strong></span> 
     </span>
     <span class='ocr_line' id='line_1_12' title="bbox 274 1653 2870 1739; baseline 0.001 -21"><span class='ocrx_word' id='word_1_110' title='bbox 274 1658 381 1719; x_wconf 84' lang='lat' dir='ltr'><strong>rei</strong></span> <span class='ocrx_word' id='word_1_111' title='bbox 434 1667 710 1738; x_wconf 88' lang='lat' dir='ltr'><strong>petentes</strong></span> <span class='ocrx_word' id='word_1_112' title='bbox 754 1658 984 1719; x_wconf 75' lang='lat' dir='ltr'><strong>senatui</strong></span> <span class='ocrx_word' id='word_1_113' title='bbox 1030 1657 1372 1738; x_wconf 87' lang='lat' dir='ltr'><strong>populoque</strong></span> <span class='ocrx_word' id='word_1_114' title='bbox 1418 1657 1684 1717; x_wconf 82' lang='lat' dir='ltr'><strong>Romano</strong></span> <span class='ocrx_word' id='word_1_115' title='bbox 1734 1653 2263 1729; x_wconf 84' lang='lat' dir='ltr'><strong>commendaverit,</strong></span> <span class='ocrx_word' id='word_1_116' title='bbox 2315 1654 2326 1737; x_wconf 93' lang='grc' dir='ltr'>Ι</span> <span class='ocrx_word' id='word_1_117' title='bbox 2366 1658 2700 1739; x_wconf 85' lang='lat' dir='ltr'><strong>quibusque</strong></span> <span class='ocrx_word' id='word_1_118' title='bbox 2745 1662 2870 1721; x_wconf 85' lang='lat' dir='ltr'><strong>suf-</strong></span> 
     </span>
     <span class='ocr_line' id='line_1_13' title="bbox 274 1753 2869 1840; baseline 0.001 -19"><span class='ocrx_word' id='word_1_119' title='bbox 274 1761 692 1840; x_wconf 78' lang='lat' dir='ltr'><strong>fragationem</strong></span> <span class='ocrx_word' id='word_1_120' title='bbox 750 1778 914 1821; x_wconf 87' lang='lat' dir='ltr'><strong>suam</strong></span> <span class='ocrx_word' id='word_1_121' title='bbox 972 1759 1200 1821; x_wconf 88' lang='lat' dir='ltr'><strong>dederit</strong></span> <span class='ocrx_word' id='word_1_122' title='bbox 1254 1758 1622 1839; x_wconf 85' lang='lat' dir='ltr'><strong>promiserit,</strong></span> <span class='ocrx_word' id='word_1_123' title='bbox 1692 1776 1899 1818; x_wconf 90' lang='lat' dir='ltr'><strong>eorum</strong></span> <span class='ocrx_word' id='word_1_124' title='bbox 1953 1753 1964 1837; x_wconf 90' lang='grc' dir='ltr'>Ι</span> <span class='ocrx_word' id='word_1_125' title='bbox 2011 1757 2244 1818; x_wconf 80' lang='lat' dir='ltr'><strong>comitis</strong></span> <span class='ocrx_word' id='word_1_126' title='bbox 2311 1758 2646 1840; x_wconf 87' lang='lat' dir='ltr'><strong>quibusque</strong></span> <span class='ocrx_word' id='word_1_127' title='bbox 2705 1773 2869 1823; x_wconf 85' lang='lat' dir='ltr'><strong>extra</strong></span> 
     </span>
     <span class='ocr_line' id='line_1_14' title="bbox 283 1861 1172 1940; baseline 0.001 -19"><span class='ocrx_word' id='word_1_128' title='bbox 283 1862 576 1923; x_wconf 85' lang='lat' dir='ltr'><strong>ordinem</strong></span> <span class='ocrx_word' id='word_1_129' title='bbox 621 1862 773 1923; x_wconf 88' lang='lat' dir='ltr'><strong>ratio</strong></span> <span class='ocrx_word' id='word_1_130' title='bbox 819 1862 1120 1923; x_wconf 88' lang='lat' dir='ltr'><strong>habeatur.</strong></span> <span class='ocrx_word' id='word_1_131' title='bbox 1162 1861 1172 1940; x_wconf 91' lang='grc' dir='ltr'>Ι</span> 
     </span>
    </p>

    <p class='ocr_par' dir='ltr' id='par_1_7' title="bbox 274 1963 2965 2150">
     <span class='ocr_line' id='line_1_15' title="bbox 470 1963 2965 2046; baseline 0.001 -21"><span class='ocrx_word' id='word_1_132' title='bbox 470 1964 685 2045; x_wconf 84' lang='lat' dir='ltr'><strong>Utique</strong></span> <span class='ocrx_word' id='word_1_133' title='bbox 732 1965 783 2027; x_wconf 89' lang='lat' dir='ltr'><strong>ei</strong></span> <span class='ocrx_word' id='word_1_134' title='bbox 830 1966 980 2026; x_wconf 80' lang='lat' dir='ltr'><strong>fines</strong></span> <span class='ocrx_word' id='word_1_135' title='bbox 1024 1963 1271 2044; x_wconf 80' lang='lat' dir='ltr'><strong>pomerii</strong></span> <span class='ocrx_word' id='word_1_136' title='bbox 1317 1963 1587 2043; x_wconf 85' lang='lat' dir='ltr'><strong>proferre</strong></span> <span class='ocrx_word' id='word_1_137' title='bbox 1633 1979 2003 2042; x_wconf 90' lang='lat' dir='ltr'><strong>promovere,</strong></span> <span class='ocrx_word' id='word_1_138' title='bbox 2048 1980 2184 2024; x_wconf 89' lang='lat' dir='ltr'><strong>cum</strong></span> <span class='ocrx_word' id='word_1_139' title='bbox 2225 1981 2292 2023; x_wconf 85' lang='lat' dir='ltr'><strong>ex</strong></span> <span class='ocrx_word' id='word_1_140' title='bbox 2325 1964 2630 2043; x_wconf 85' lang='lat' dir='ltr'><strong>republica</strong></span> <span class='ocrx_word' id='word_1_141' title='bbox 2671 1963 2680 2046; x_wconf 93' lang='grc' dir='ltr'>Ι</span> <span class='ocrx_word' id='word_1_142' title='bbox 2720 1984 2862 2027; x_wconf 89' lang='lat' dir='ltr'><strong>cen·</strong></span> <span class='ocrx_word' id='word_1_143' title='bbox 2908 1963 2965 2015; x_wconf 83' lang='lat'><strong>15</strong></span> 
     </span>
     <span class='ocr_line' id='line_1_16' title="bbox 274 2062 2796 2150; baseline -0 -22"><span class='ocrx_word' id='word_1_144' title='bbox 274 2066 447 2129; x_wconf 85' lang='lat' dir='ltr'><strong>sebit</strong></span> <span class='ocrx_word' id='word_1_145' title='bbox 493 2086 645 2140; x_wconf 89' lang='lat' dir='ltr'><strong>esse,</strong></span> <span class='ocrx_word' id='word_1_146' title='bbox 691 2068 879 2141; x_wconf 90' lang='lat' dir='ltr'><strong>liceat,</strong></span> <span class='ocrx_word' id='word_1_147' title='bbox 927 2068 1004 2127; x_wconf 86' lang='lat' dir='ltr'><strong>ita</strong></span> <span class='ocrx_word' id='word_1_148' title='bbox 1049 2067 1132 2128; x_wconf 88' lang='lat' dir='ltr'><strong>uti</strong></span> <span class='ocrx_word' id='word_1_149' title='bbox 1179 2065 1361 2138; x_wconf 87' lang='lat' dir='ltr'><strong>licuit,</strong></span> <span class='ocrx_word' id='word_1_150' title='bbox 1408 2064 1498 2126; x_wconf 90' lang='lat' dir='ltr'><strong>Ti.</strong></span> <span class='ocrx_word' id='word_1_151' title='bbox 1545 2062 1786 2126; x_wconf 90' lang='lat' dir='ltr'><strong>Claudio</strong></span> <span class='ocrx_word' id='word_1_152' title='bbox 1833 2062 2064 2124; x_wconf 89' lang='lat' dir='ltr'><strong>Caesari</strong></span> <span class='ocrx_word' id='word_1_153' title='bbox 2109 2067 2257 2145; x_wconf 93' lang='lat' dir='ltr'><strong>Aug.</strong></span> <span class='ocrx_word' id='word_1_154' title='bbox 2298 2068 2310 2142; x_wconf 88' lang='grc' dir='ltr'>Ι</span> <span class='ocrx_word' id='word_1_155' title='bbox 2350 2066 2744 2129; x_wconf 89' lang='lat' dir='ltr'><strong>Germanico.¹</strong></span> <span class='ocrx_word' id='word_1_156' title='bbox 2785 2067 2796 2150; x_wconf 94' lang='grc' dir='ltr'>Ι</span> 
     </span>
    </p>

    <p class='ocr_par' dir='ltr' id='par_1_8' title="bbox 276 2166 2962 2554">
     <span class='ocr_line' id='line_1_17' title="bbox 464 2166 2861 2255; baseline 0.001 -25"><span class='ocrx_word' id='word_1_157' title='bbox 464 2169 684 2249; x_wconf 82' lang='lat' dir='ltr'><strong>Utique</strong></span> <span class='ocrx_word' id='word_1_158' title='bbox 729 2188 1117 2249; x_wconf 91' lang='lat' dir='ltr'><strong>quaecunque</strong></span> <span class='ocrx_word' id='word_1_159' title='bbox 1164 2187 1235 2229; x_wconf 81' lang='lat' dir='ltr'><strong>ex</strong></span> <span class='ocrx_word' id='word_1_160' title='bbox 1280 2187 1390 2229; x_wconf 90' lang='lat' dir='ltr'><strong>usu</strong></span> <span class='ocrx_word' id='word_1_161' title='bbox 1436 2166 1797 2247; x_wconf 89' lang='lat' dir='ltr'><strong>reipublicae</strong></span> <span class='ocrx_word' id='word_1_162' title='bbox 1843 2166 2148 2228; x_wconf 86' lang='lat' dir='ltr'><strong>maiestate</strong></span> <span class='ocrx_word' id='word_1_163' title='bbox 2193 2167 2523 2231; x_wconf 88' lang='lat' dir='ltr'><strong>divinarum</strong></span> <span class='ocrx_word' id='word_1_164' title='bbox 2577 2168 2586 2251; x_wconf 93' lang='grc' dir='ltr'>Ι</span> <span class='ocrx_word' id='word_1_165' title='bbox 2625 2166 2861 2255; x_wconf 84' lang='lat' dir='ltr'><strong>hum[a·</strong></span> 
     </span>
     <span class='ocr_line' id='line_1_18' title="bbox 276 2266 2861 2355; baseline 0.002 -24"><span class='ocrx_word' id='word_1_166' title='bbox 276 2266 565 2355; x_wconf 77' lang='lat' dir='ltr'><strong>n]arum²</strong></span> <span class='ocrx_word' id='word_1_167' title='bbox 608 2270 978 2352; x_wconf 89' lang='lat' dir='ltr'><strong>publicarum</strong></span> <span class='ocrx_word' id='word_1_168' title='bbox 1017 2271 1491 2350; x_wconf 87' lang='lat' dir='ltr'><strong>privatarumque</strong></span> <span class='ocrx_word' id='word_1_169' title='bbox 1522 2287 1724 2330; x_wconf 88' lang='lat' dir='ltr'><strong>rerum</strong></span> <span class='ocrx_word' id='word_1_170' title='bbox 1757 2267 1925 2330; x_wconf 84' lang='lat' dir='ltr'><strong>esse³</strong></span> <span class='ocrx_word' id='word_1_171' title='bbox 1961 2271 1972 2344; x_wconf 90' lang='grc'>1</span> <span class='ocrx_word' id='word_1_172' title='bbox 2013 2268 2301 2344; x_wconf 85' lang='lat' dir='ltr'><strong>censebit,</strong></span> <span class='ocrx_word' id='word_1_173' title='bbox 2348 2270 2400 2331; x_wconf 90' lang='lat' dir='ltr'><strong>ei</strong></span> <span class='ocrx_word' id='word_1_174' title='bbox 2445 2290 2621 2351; x_wconf 90' lang='lat' dir='ltr'><strong>agere</strong></span> <span class='ocrx_word' id='word_1_175' title='bbox 2665 2274 2861 2335; x_wconf 84' lang='lat' dir='ltr'><strong>facere</strong></span> 
     </span>
     <span class='ocr_line' id='line_1_19' title="bbox 278 2369 2962 2455; baseline 0.001 -24"><span class='ocrx_word' id='word_1_176' title='bbox 278 2371 380 2446; x_wconf 85' lang='lat' dir='ltr'><strong>ius</strong></span> <span class='ocrx_word' id='word_1_177' title='bbox 426 2382 813 2453; x_wconf 86' lang='lat' dir='ltr'><strong>potestasque</strong></span> <span class='ocrx_word' id='word_1_178' title='bbox 843 2374 935 2447; x_wconf 90' lang='lat' dir='ltr'><strong>sit,</strong></span> <span class='ocrx_word' id='word_1_179' title='bbox 981 2374 1055 2434; x_wconf 88' lang='lat' dir='ltr'><strong>ita</strong></span> <span class='ocrx_word' id='word_1_180' title='bbox 1089 2374 1175 2434; x_wconf 90' lang='lat' dir='ltr'><strong>uti</strong></span> <span class='ocrx_word' id='word_1_181' title='bbox 1207 2372 1335 2432; x_wconf 92' lang='lat' dir='ltr'><strong>divo</strong></span> <span class='ocrx_word' id='word_1_182' title='bbox 1367 2373 1537 2450; x_wconf 66' lang='lat' dir='ltr'><strong>Aug„</strong></span> <span class='ocrx_word' id='word_1_183' title='bbox 1578 2369 1589 2452; x_wconf 95' lang='grc' dir='ltr'>Ι</span> <span class='ocrx_word' id='word_1_184' title='bbox 1629 2369 1988 2449; x_wconf 83' lang='lat' dir='ltr'><strong>Tiberioque</strong></span> <span class='ocrx_word' id='word_1_185' title='bbox 2022 2371 2169 2433; x_wconf 87' lang='lat' dir='ltr'><strong>lulio</strong></span> <span class='ocrx_word' id='word_1_186' title='bbox 2202 2373 2431 2434; x_wconf 89' lang='lat' dir='ltr'><strong>Caesari</strong></span> <span class='ocrx_word' id='word_1_187' title='bbox 2467 2376 2636 2455; x_wconf 65' lang='lat' dir='ltr'><strong>Aug„</strong></span> <span class='ocrx_word' id='word_1_188' title='bbox 2681 2375 2859 2435; x_wconf 90' lang='lat' dir='ltr'><strong>Tibe·</strong></span> <span class='ocrx_word' id='word_1_189' title='bbox 2904 2376 2962 2426; x_wconf 81' lang='lat'><strong>2⁰</strong></span> 
     </span>
     <span class='ocr_line' id='line_1_20' title="bbox 280 2469 1932 2554; baseline -0.002 -20"><span class='ocrx_word' id='word_1_190' title='bbox 280 2475 505 2554; x_wconf 89' lang='lat' dir='ltr'><strong>rioque</strong></span> <span class='ocrx_word' id='word_1_191' title='bbox 552 2474 796 2536; x_wconf 89' lang='lat' dir='ltr'><strong>Claudio</strong></span> <span class='ocrx_word' id='word_1_192' title='bbox 842 2474 1069 2536; x_wconf 88' lang='lat' dir='ltr'><strong>Caesari</strong></span> <span class='ocrx_word' id='word_1_193' title='bbox 1110 2470 1119 2553; x_wconf 89' lang='grc' dir='ltr'>Ι</span> <span class='ocrx_word' id='word_1_194' title='bbox 1159 2475 1307 2553; x_wconf 90' lang='lat' dir='ltr'><strong>Aug.</strong></span> <span class='ocrx_word' id='word_1_195' title='bbox 1354 2472 1708 2534; x_wconf 88' lang='lat' dir='ltr'><strong>Germanico</strong></span> <span class='ocrx_word' id='word_1_196' title='bbox 1754 2472 1881 2532; x_wconf 85' lang='lat' dir='ltr'><strong>fuit.</strong></span> <span class='ocrx_word' id='word_1_197' title='bbox 1921 2469 1932 2552; x_wconf 93' lang='grc' dir='ltr'>Ι</span> 
     </span>
    </p>

    <p class='ocr_par' dir='ltr' id='par_1_9' title="bbox 276 2574 2954 3171">
     <span class='ocr_line' id='line_1_21' title="bbox 460 2574 2851 2658; baseline -0.001 -20"><span class='ocrx_word' id='word_1_198' title='bbox 460 2577 682 2657; x_wconf 88' lang='lat' dir='ltr'><strong>Utique</strong></span> <span class='ocrx_word' id='word_1_199' title='bbox 727 2577 942 2658; x_wconf 90' lang='lat' dir='ltr'><strong>quibus</strong></span> <span class='ocrx_word' id='word_1_200' title='bbox 986 2576 1214 2655; x_wconf 88' lang='lat' dir='ltr'><strong>legibus</strong></span> <span class='ocrx_word' id='word_1_201' title='bbox 1258 2574 1522 2656; x_wconf 85' lang='lat' dir='ltr'><strong>plebeive</strong></span> <span class='ocrx_word' id='word_1_202' title='bbox 1569 2574 1730 2637; x_wconf 89' lang='lat' dir='ltr'><strong>scitis</strong></span> <span class='ocrx_word' id='word_1_203' title='bbox 1774 2574 2061 2653; x_wconf 90' lang='lat' dir='ltr'><strong>scriptum</strong></span> <span class='ocrx_word' id='word_1_204' title='bbox 2108 2575 2250 2649; x_wconf 85' lang='lat' dir='ltr'><strong>ruit,</strong></span> <span class='ocrx_word' id='word_1_205' title='bbox 2313 2596 2387 2638; x_wconf 91' lang='lat' dir='ltr'><strong>ne</strong></span> <span class='ocrx_word' id='word_1_206' title='bbox 2431 2575 2598 2638; x_wconf 89' lang='lat' dir='ltr'><strong>divus</strong></span> <span class='ocrx_word' id='word_1_207' title='bbox 2646 2578 2791 2656; x_wconf 84' lang='lat' dir='ltr'><strong>Aug.</strong></span> <span class='ocrx_word' id='word_1_208' title='bbox 2841 2574 2851 2658; x_wconf 89' lang='grc' dir='ltr'>Ι</span> 
     </span>
     <span class='ocr_line' id='line_1_22' title="bbox 278 2676 2855 2758; baseline -0.001 -16"><span class='ocrx_word' id='word_1_209' title='bbox 278 2680 633 2744; x_wconf 87' lang='lat' dir='ltr'><strong>Tiberiusve</strong></span> <span class='ocrx_word' id='word_1_210' title='bbox 679 2679 859 2742; x_wconf 90' lang='lat' dir='ltr'><strong>lulius</strong></span> <span class='ocrx_word' id='word_1_211' title='bbox 904 2678 1114 2741; x_wconf 84' lang='lat' dir='ltr'><strong>Caesar</strong></span> <span class='ocrx_word' id='word_1_212' title='bbox 1157 2680 1329 2758; x_wconf 62' lang='lat' dir='ltr'><strong>Aug„</strong></span> <span class='ocrx_word' id='word_1_213' title='bbox 1373 2677 1767 2757; x_wconf 88' lang='lat' dir='ltr'><strong>Tiberiusque</strong></span> <span class='ocrx_word' id='word_1_214' title='bbox 1814 2676 2090 2739; x_wconf 90' lang='lat' dir='ltr'><strong>Claudius</strong></span> <span class='ocrx_word' id='word_1_215' title='bbox 2135 2677 2344 2740; x_wconf 89' lang='lat' dir='ltr'><strong>Caesar</strong></span> <span class='ocrx_word' id='word_1_216' title='bbox 2374 2680 2520 2758; x_wconf 89' lang='lat' dir='ltr'><strong>Aug.</strong></span> <span class='ocrx_word' id='word_1_217' title='bbox 2563 2678 2572 2756; x_wconf 94' lang='grc' dir='ltr'>Ι</span> <span class='ocrx_word' id='word_1_218' title='bbox 2613 2678 2855 2740; x_wconf 86' lang='lat' dir='ltr'><strong>Germa-</strong></span> 
     </span>
     <span class='ocr_line' id='line_1_23' title="bbox 280 2780 2954 2862; baseline -0.002 -18"><span class='ocrx_word' id='word_1_219' title='bbox 280 2784 462 2844; x_wconf 90' lang='lat' dir='ltr'><strong>nicus</strong></span> <span class='ocrx_word' id='word_1_220' title='bbox 520 2793 899 2858; x_wconf 86' lang='lat' dir='ltr'><strong>tenerentur,</strong></span> <span class='ocrx_word' id='word_1_221' title='bbox 958 2782 1029 2844; x_wconf 79' lang='lat' dir='ltr'><strong>ils</strong></span> <span class='ocrx_word' id='word_1_222' title='bbox 1085 2781 1313 2861; x_wconf 81' lang='lat' dir='ltr'><strong>legibus</strong></span> <span class='ocrx_word' id='word_1_223' title='bbox 1370 2780 1681 2861; x_wconf 89' lang='lat' dir='ltr'><strong>plebisque</strong></span> <span class='ocrx_word' id='word_1_224' title='bbox 1736 2780 1897 2842; x_wconf 89' lang='lat' dir='ltr'><strong>scitis</strong></span> <span class='ocrx_word' id='word_1_225' title='bbox 1949 2780 2089 2860; x_wconf 91' lang='lat' dir='ltr'><strong>imp.</strong></span> <span class='ocrx_word' id='word_1_226' title='bbox 2145 2780 2359 2842; x_wconf 89' lang='lat' dir='ltr'><strong>Caesar</strong></span> <span class='ocrx_word' id='word_1_227' title='bbox 2406 2782 2416 2862; x_wconf 92' lang='grc' dir='ltr'>Ι</span> <span class='ocrx_word' id='word_1_228' title='bbox 2456 2781 2852 2861; x_wconf 87' lang='lat' dir='ltr'><strong>Vespasianus</strong></span> <span class='ocrx_word' id='word_1_229' title='bbox 2897 2786 2954 2838; x_wconf 84' lang='lat'><strong>25</strong></span> 
     </span>
     <span class='ocr_line' id='line_1_24' title="bbox 276 2880 2853 2965; baseline -0 -19"><span class='ocrx_word' id='word_1_230' title='bbox 276 2886 520 2947; x_wconf 75' lang='lat' dir='ltr'><strong>solutus</strong></span> <span class='ocrx_word' id='word_1_231' title='bbox 562 2886 670 2958; x_wconf 88' lang='lat' dir='ltr'><strong>sit,</strong></span> <span class='ocrx_word' id='word_1_232' title='bbox 717 2905 984 2965; x_wconf 89' lang='lat' dir='ltr'><strong>quaeque</strong></span> <span class='ocrx_word' id='word_1_233' title='bbox 1027 2904 1101 2947; x_wconf 85' lang='lat' dir='ltr'><strong>ex</strong></span> <span class='ocrx_word' id='word_1_234' title='bbox 1146 2902 1380 2963; x_wconf 90' lang='lat' dir='ltr'><strong>quaque</strong></span> <span class='ocrx_word' id='word_1_235' title='bbox 1425 2882 1555 2962; x_wconf 89' lang='lat' dir='ltr'><strong>lege</strong></span> <span class='ocrx_word' id='word_1_236' title='bbox 1601 2883 1910 2962; x_wconf 90' lang='lat' dir='ltr'><strong>rogatione</strong></span> <span class='ocrx_word' id='word_1_237' title='bbox 1959 2880 1970 2964; x_wconf 90' lang='grc' dir='ltr'>Ι</span> <span class='ocrx_word' id='word_1_238' title='bbox 2011 2883 2207 2944; x_wconf 89' lang='lat' dir='ltr'><strong>divum</strong></span> <span class='ocrx_word' id='word_1_239' title='bbox 2251 2886 2431 2962; x_wconf 63' lang='lat' dir='ltr'><strong>Aug„</strong></span> <span class='ocrx_word' id='word_1_240' title='bbox 2475 2882 2853 2946; x_wconf 88' lang='lat' dir='ltr'><strong>Tiberiumve</strong></span> 
     </span>
     <span class='ocr_line' id='line_1_25' title="bbox 277 2983 2848 3066; baseline 0 -20"><span class='ocrx_word' id='word_1_241' title='bbox 277 2986 502 3048; x_wconf 89' lang='lat' dir='ltr'><strong>Iulium</strong></span> <span class='ocrx_word' id='word_1_242' title='bbox 535 2987 838 3048; x_wconf 88' lang='lat' dir='ltr'><strong>Caesarem</strong></span> <span class='ocrx_word' id='word_1_243' title='bbox 871 2989 1042 3066; x_wconf 91' lang='lat' dir='ltr'><strong>Aug.‚</strong></span> <span class='ocrx_word' id='word_1_244' title='bbox 1087 2985 1457 3047; x_wconf 89' lang='lat' dir='ltr'><strong>Tiberiumve</strong></span> <span class='ocrx_word' id='word_1_245' title='bbox 1495 2983 1507 3066; x_wconf 90' lang='grc' dir='ltr'>Ι</span> <span class='ocrx_word' id='word_1_246' title='bbox 1546 2984 1853 3046; x_wconf 87' lang='lat' dir='ltr'><strong>Claudium</strong></span> <span class='ocrx_word' id='word_1_247' title='bbox 1886 2986 2190 3046; x_wconf 89' lang='lat' dir='ltr'><strong>Caesarem</strong></span> <span class='ocrx_word' id='word_1_248' title='bbox 2237 2987 2385 3066; x_wconf 83' lang='lat' dir='ltr'><strong>Aug.</strong></span> <span class='ocrx_word' id='word_1_249' title='bbox 2433 2985 2848 3047; x_wconf 89' lang='lat' dir='ltr'><strong>Germanicum</strong></span> 
     </span>
     <span class='ocr_line' id='line_1_26' title="bbox 278 3086 2846 3171; baseline -0 -22"><span class='ocrx_word' id='word_1_250' title='bbox 278 3090 485 3149; x_wconf 74' lang='lat' dir='ltr'><strong>facere</strong></span> <span class='ocrx_word' id='word_1_251' title='bbox 530 3089 828 3168; x_wconf 89' lang='lat' dir='ltr'><strong>oportuit,</strong></span> <span class='ocrx_word' id='word_1_252' title='bbox 880 3087 994 3171; x_wconf 71' lang='lat' dir='ltr'><strong>lea</strong></span> <span class='ocrx_word' id='word_1_253' title='bbox 1048 3088 1245 3149; x_wconf 89' lang='lat' dir='ltr'><strong>omnia</strong></span> <span class='ocrx_word' id='word_1_254' title='bbox 1291 3087 1431 3167; x_wconf 91' lang='lat' dir='ltr'><strong>imp.</strong></span> <span class='ocrx_word' id='word_1_255' title='bbox 1480 3086 1708 3148; x_wconf 91' lang='lat' dir='ltr'><strong>Caesari</strong></span> <span class='ocrx_word' id='word_1_256' title='bbox 1756 3087 2114 3167; x_wconf 89' lang='lat' dir='ltr'><strong>Vespasiano</strong></span> <span class='ocrx_word' id='word_1_257' title='bbox 2161 3091 2308 3167; x_wconf 86' lang='lat' dir='ltr'><strong>Aug.</strong></span> <span class='ocrx_word' id='word_1_258' title='bbox 2358 3089 2548 3149; x_wconf 85' lang='lat' dir='ltr'><strong>facere</strong></span> <span class='ocrx_word' id='word_1_259' title='bbox 2593 3089 2785 3150; x_wconf 86' lang='lat' dir='ltr'><strong>liceat.</strong></span> <span class='ocrx_word' id='word_1_260' title='bbox 2836 3086 2846 3171; x_wconf 94' lang='grc' dir='ltr'>Ι</span> 
     </span>
    </p>

    <p class='ocr_par' dir='ltr' id='par_1_10' title="bbox 272 3187 2947 3579">
     <span class='ocr_line' id='line_1_27' title="bbox 460 3187 2947 3271; baseline -0 -20"><span class='ocrx_word' id='word_1_261' title='bbox 460 3190 673 3270; x_wconf 90' lang='lat' dir='ltr'><strong>Utique</strong></span> <span class='ocrx_word' id='word_1_262' title='bbox 746 3209 895 3270; x_wconf 91' lang='lat' dir='ltr'><strong>quae</strong></span> <span class='ocrx_word' id='word_1_263' title='bbox 976 3200 1113 3252; x_wconf 90' lang='lat' dir='ltr'><strong>ante</strong></span> <span class='ocrx_word' id='word_1_264' title='bbox 1185 3191 1337 3251; x_wconf 90' lang='lat' dir='ltr'><strong>hanc</strong></span> <span class='ocrx_word' id='word_1_265' title='bbox 1405 3192 1592 3269; x_wconf 85' lang='lat' dir='ltr'><strong>legem</strong></span> <span class='ocrx_word' id='word_1_266' title='bbox 1655 3198 1915 3267; x_wconf 88' lang='lat' dir='ltr'><strong>rogatam</strong></span> <span class='ocrx_word' id='word_1_267' title='bbox 1978 3198 2104 3250; x_wconf 89' lang='lat' dir='ltr'><strong>acta</strong></span> <span class='ocrx_word' id='word_1_268' title='bbox 2157 3199 2319 3269; x_wconf 89' lang='lat' dir='ltr'><strong>gesta</strong></span> <span class='ocrx_word' id='word_1_269' title='bbox 2373 3187 2385 3271; x_wconf 89' lang='grc' dir='ltr'>Ι</span> <span class='ocrx_word' id='word_1_270' title='bbox 2434 3190 2666 3253; x_wconf 88' lang='lat' dir='ltr'><strong>decreta</strong></span> <span class='ocrx_word' id='word_1_271' title='bbox 2736 3193 2845 3252; x_wconf 89' lang='lat' dir='ltr'><strong>im·</strong></span> <span class='ocrx_word' id='word_1_272' title='bbox 2888 3200 2947 3250; x_wconf 84' lang='lat'><strong>30</strong></span> 
     </span>
     <span class='ocr_line' id='line_1_28' title="bbox 273 3289 2843 3373; baseline 0 -19"><span class='ocrx_word' id='word_1_273' title='bbox 273 3301 485 3373; x_wconf 86' lang='lat' dir='ltr'><strong>perata</strong></span> <span class='ocrx_word' id='word_1_274' title='bbox 532 3292 606 3353; x_wconf 90' lang='lat' dir='ltr'><strong>ab</strong></span> <span class='ocrx_word' id='word_1_275' title='bbox 650 3294 1007 3373; x_wconf 90' lang='lat' dir='ltr'><strong>imperatore</strong></span> <span class='ocrx_word' id='word_1_276' title='bbox 1051 3294 1300 3356; x_wconf 89' lang='lat' dir='ltr'><strong>Caesare</strong></span> <span class='ocrx_word' id='word_1_277' title='bbox 1345 3291 1702 3372; x_wconf 82' lang='lat' dir='ltr'><strong>Vespasiano</strong></span> <span class='ocrx_word' id='word_1_278' title='bbox 1749 3294 1920 3372; x_wconf 68' lang='lat' dir='ltr'><strong>Aug„</strong></span> <span class='ocrx_word' id='word_1_279' title='bbox 1970 3289 1981 3372; x_wconf 91' lang='grc' dir='ltr'>Ι</span> <span class='ocrx_word' id='word_1_280' title='bbox 2030 3293 2191 3354; x_wconf 79' lang='lat' dir='ltr'><strong>iussu</strong></span> <span class='ocrx_word' id='word_1_281' title='bbox 2244 3292 2595 3354; x_wconf 78' lang='lat' dir='ltr'><strong>mandatuve</strong></span> <span class='ocrx_word' id='word_1_282' title='bbox 2640 3295 2767 3356; x_wconf 88' lang='lat' dir='ltr'><strong>eius</strong></span> <span class='ocrx_word' id='word_1_283' title='bbox 2813 3313 2843 3354; x_wconf 91' lang='lat' dir='ltr'><strong>a</strong></span> 
     </span>
     <span class='ocr_line' id='line_1_29' title="bbox 274 3393 2842 3477; baseline 0 -20"><span class='ocrx_word' id='word_1_284' title='bbox 274 3415 525 3476; x_wconf 88' lang='lat' dir='ltr'><strong>quoque</strong></span> <span class='ocrx_word' id='word_1_285' title='bbox 567 3405 724 3470; x_wconf 90' lang='lat' dir='ltr'><strong>sunt,</strong></span> <span class='ocrx_word' id='word_1_286' title='bbox 771 3414 836 3458; x_wconf 87' lang='lat' dir='ltr'><strong>ea</strong></span> <span class='ocrx_word' id='word_1_287' title='bbox 878 3397 1128 3477; x_wconf 91' lang='lat' dir='ltr'><strong>perinde</strong></span> <span class='ocrx_word' id='word_1_288' title='bbox 1173 3395 1323 3457; x_wconf 89' lang='lat' dir='ltr'><strong>iusta</strong></span> <span class='ocrx_word' id='word_1_289' title='bbox 1368 3396 1659 3474; x_wconf 90' lang='lat' dir='ltr'><strong>rataq(ue)</strong></span> <span class='ocrx_word' id='word_1_290' title='bbox 1697 3393 1708 3476; x_wconf 92' lang='grc' dir='ltr'>Ι</span> <span class='ocrx_word' id='word_1_291' title='bbox 1748 3395 1867 3456; x_wconf 89' lang='lat' dir='ltr'><strong>sint</strong></span> <span class='ocrx_word' id='word_1_292' title='bbox 1918 3413 1986 3455; x_wconf 91' lang='lat' dir='ltr'><strong>ac</strong></span> <span class='ocrx_word' id='word_1_293' title='bbox 2030 3395 2077 3456; x_wconf 87' lang='lat' dir='ltr'><strong>si</strong></span> <span class='ocrx_word' id='word_1_294' title='bbox 2124 3395 2327 3474; x_wconf 90' lang='lat' dir='ltr'><strong>populi</strong></span> <span class='ocrx_word' id='word_1_295' title='bbox 2372 3395 2634 3475; x_wconf 77' lang='lat' dir='ltr'><strong>plebisve</strong></span> <span class='ocrx_word' id='word_1_296' title='bbox 2679 3397 2842 3458; x_wconf 75' lang='lat' dir='ltr'><strong>iussu</strong></span> 
     </span>
     <span class='ocr_line' id='line_1_30' title="bbox 272 3497 725 3579; baseline 0 -21"><span class='ocrx_word' id='word_1_297' title='bbox 272 3508 411 3559; x_wconf 88' lang='lat' dir='ltr'><strong>acta</strong></span> <span class='ocrx_word' id='word_1_298' title='bbox 455 3507 674 3560; x_wconf 85' lang='lat' dir='ltr'><strong>essent.</strong></span> <span class='ocrx_word' id='word_1_299' title='bbox 715 3497 725 3579; x_wconf 94' lang='grc' dir='ltr'>Ι</span> 
     </span>
    </p>
   </div>
   <div class='ocr_carea' id='block_1_4' title="bbox 1377 3594 1754 3692">
    <p class='ocr_par' dir='ltr' id='par_1_11' title="bbox 1377 3594 1754 3692">
     <span class='ocr_line' id='line_1_31' title="bbox 1377 3594 1754 3692; baseline -0.003 -18"><span class='ocrx_word' id='word_1_300' title='bbox 1377 3594 1694 3674; x_wconf 85' lang='lat' dir='ltr'><strong>Sanctio.</strong></span> <span class='ocrx_word' id='word_1_301' title='bbox 1745 3596 1754 3692; x_wconf 80' lang='grc' dir='ltr'>Ι</span> 
     </span>
    </p>
   </div>
   <div class='ocr_carea' id='block_1_5' title="bbox 269 3717 2940 4571">
    <p class='ocr_par' dir='ltr' id='par_1_12' title="bbox 269 3717 2940 4311">
     <span class='ocr_line' id='line_1_32' title="bbox 455 3717 2835 3802; baseline 0 -22"><span class='ocrx_word' id='word_1_302' title='bbox 455 3721 516 3780; x_wconf 91' lang='lat' dir='ltr'><strong>Si</strong></span> <span class='ocrx_word' id='word_1_303' title='bbox 563 3719 695 3799; x_wconf 87' lang='lat' dir='ltr'><strong>quis</strong></span> <span class='ocrx_word' id='word_1_304' title='bbox 739 3720 984 3782; x_wconf 92' lang='lat' dir='ltr'><strong>huiusce</strong></span> <span class='ocrx_word' id='word_1_305' title='bbox 1028 3719 1175 3800; x_wconf 91' lang='lat' dir='ltr'><strong>legis</strong></span> <span class='ocrx_word' id='word_1_306' title='bbox 1219 3737 1361 3798; x_wconf 90' lang='lat' dir='ltr'><strong>ergo</strong></span> <span class='ocrx_word' id='word_1_307' title='bbox 1405 3718 1683 3780; x_wconf 89' lang='lat' dir='ltr'><strong>adversus</strong></span> <span class='ocrx_word' id='word_1_308' title='bbox 1743 3717 1902 3796; x_wconf 84' lang='lat' dir='ltr'><strong>leges</strong></span> <span class='ocrx_word' id='word_1_309' title='bbox 1948 3717 2287 3797; x_wconf 83' lang='lat' dir='ltr'><strong>rogationes</strong></span> <span class='ocrx_word' id='word_1_310' title='bbox 2332 3718 2589 3798; x_wconf 82' lang='lat' dir='ltr'><strong>plebisve</strong></span> <span class='ocrx_word' id='word_1_311' title='bbox 2634 3720 2777 3780; x_wconf 90' lang='lat' dir='ltr'><strong>scita</strong></span> <span class='ocrx_word' id='word_1_312' title='bbox 2825 3717 2835 3802; x_wconf 93' lang='grc' dir='ltr'>Ι</span> 
     </span>
     <span class='ocr_line' id='line_1_33' title="bbox 269 3820 2940 3902; baseline -0.002 -16"><span class='ocrx_word' id='word_1_313' title='bbox 269 3831 593 3886; x_wconf 88' lang='lat' dir='ltr'><strong>senatusve</strong></span> <span class='ocrx_word' id='word_1_314' title='bbox 624 3823 892 3885; x_wconf 88' lang='lat' dir='ltr'><strong>consulta</strong></span> <span class='ocrx_word' id='word_1_315' title='bbox 922 3822 1061 3882; x_wconf 81' lang='lat' dir='ltr'><strong>fecit</strong></span> <span class='ocrx_word' id='word_1_316' title='bbox 1089 3821 1314 3891; x_wconf 81' lang='lat' dir='ltr'><strong>fecerit,</strong></span> <span class='ocrx_word' id='word_1_317' title='bbox 1360 3821 1499 3896; x_wconf 87' lang='lat' dir='ltr'><strong>sive,</strong></span> <span class='ocrx_word' id='word_1_318' title='bbox 1544 3820 1701 3901; x_wconf 92' lang='lat' dir='ltr'><strong>quod</strong></span> <span class='ocrx_word' id='word_1_319' title='bbox 1735 3840 1870 3881; x_wconf 89' lang='lat' dir='ltr'><strong>eum</strong></span> <span class='ocrx_word' id='word_1_320' title='bbox 1902 3838 1970 3881; x_wconf 86' lang='lat' dir='ltr'><strong>ex</strong></span> <span class='ocrx_word' id='word_1_321' title='bbox 2010 3821 2139 3900; x_wconf 89' lang='lat' dir='ltr'><strong>lege</strong></span> <span class='ocrx_word' id='word_1_322' title='bbox 2184 3821 2493 3901; x_wconf 87' lang='lat' dir='ltr'><strong>rogatione</strong></span> <span class='ocrx_word' id='word_1_323' title='bbox 2531 3834 2541 3902; x_wconf 82' lang='grc' dir='ltr'>Ι</span> <span class='ocrx_word' id='word_1_324' title='bbox 2580 3822 2838 3902; x_wconf 87' lang='lat' dir='ltr'><strong>plebisve</strong></span> <span class='ocrx_word' id='word_1_325' title='bbox 2884 3832 2940 3881; x_wconf 80' lang='lat'><strong>35</strong></span> 
     </span>
     <span class='ocr_line' id='line_1_34' title="bbox 269 3923 2836 4006; baseline -0 -18"><span class='ocrx_word' id='word_1_326' title='bbox 269 3928 429 3988; x_wconf 87' lang='lat' dir='ltr'><strong>scito</strong></span> <span class='ocrx_word' id='word_1_327' title='bbox 475 3929 830 4002; x_wconf 88' lang='lat' dir='ltr'><strong>s(enatus)ve</strong></span> <span class='ocrx_word' id='word_1_328' title='bbox 876 3923 1195 4004; x_wconf 89' lang='lat' dir='ltr'><strong>c(onsulto)</strong></span> <span class='ocrx_word' id='word_1_329' title='bbox 1241 3924 1435 3984; x_wconf 78' lang='lat' dir='ltr'><strong>facere</strong></span> <span class='ocrx_word' id='word_1_330' title='bbox 1466 3924 1782 4004; x_wconf 89' lang='lat' dir='ltr'><strong>oportebit,</strong></span> <span class='ocrx_word' id='word_1_331' title='bbox 1832 3942 1954 3984; x_wconf 90' lang='lat' dir='ltr'><strong>non</strong></span> <span class='ocrx_word' id='word_1_332' title='bbox 1989 3924 2193 3985; x_wconf 85' lang='lat' dir='ltr'><strong>fecerit</strong></span> <span class='ocrx_word' id='word_1_333' title='bbox 2234 3924 2413 3986; x_wconf 89' lang='lat' dir='ltr'><strong>huius</strong></span> <span class='ocrx_word' id='word_1_334' title='bbox 2442 3924 2586 4003; x_wconf 90' lang='lat' dir='ltr'><strong>legis</strong></span> <span class='ocrx_word' id='word_1_335' title='bbox 2625 3927 2634 4006; x_wconf 94' lang='grc' dir='ltr'>Ι</span> <span class='ocrx_word' id='word_1_336' title='bbox 2675 3931 2836 4005; x_wconf 86' lang='lat' dir='ltr'><strong>ergo,</strong></span> 
     </span>
     <span class='ocr_line' id='line_1_35' title="bbox 270 4025 2836 4109; baseline 0 -19"><span class='ocrx_word' id='word_1_337' title='bbox 270 4029 338 4090; x_wconf 90' lang='lat' dir='ltr'><strong>id</strong></span> <span class='ocrx_word' id='word_1_338' title='bbox 384 4029 438 4090; x_wconf 90' lang='lat' dir='ltr'><strong>ei</strong></span> <span class='ocrx_word' id='word_1_339' title='bbox 486 4048 562 4089; x_wconf 91' lang='lat' dir='ltr'><strong>ne</strong></span> <span class='ocrx_word' id='word_1_340' title='bbox 605 4027 792 4089; x_wconf 82' lang='lat' dir='ltr'><strong>fraudi</strong></span> <span class='ocrx_word' id='word_1_341' title='bbox 839 4036 997 4101; x_wconf 86' lang='lat' dir='ltr'><strong>esto,</strong></span> <span class='ocrx_word' id='word_1_342' title='bbox 1054 4045 1200 4088; x_wconf 88' lang='lat' dir='ltr'><strong>neve</strong></span> <span class='ocrx_word' id='word_1_343' title='bbox 1244 4025 1372 4106; x_wconf 89' lang='lat' dir='ltr'><strong>quit</strong></span> <span class='ocrx_word' id='word_1_344' title='bbox 1416 4027 1493 4088; x_wconf 91' lang='lat' dir='ltr'><strong>ob</strong></span> <span class='ocrx_word' id='word_1_345' title='bbox 1538 4043 1664 4087; x_wconf 89' lang='lat' dir='ltr'><strong>eam</strong></span> <span class='ocrx_word' id='word_1_346' title='bbox 1712 4043 1838 4086; x_wconf 88' lang='lat' dir='ltr'><strong>rem</strong></span> <span class='ocrx_word' id='word_1_347' title='bbox 1884 4025 2105 4105; x_wconf 90' lang='lat' dir='ltr'><strong>populo</strong></span> <span class='ocrx_word' id='word_1_348' title='bbox 2151 4026 2290 4087; x_wconf 87' lang='lat' dir='ltr'><strong>dare</strong></span> <span class='ocrx_word' id='word_1_349' title='bbox 2334 4026 2575 4101; x_wconf 83' lang='lat' dir='ltr'><strong>debete,</strong></span> <span class='ocrx_word' id='word_1_350' title='bbox 2625 4025 2638 4109; x_wconf 95' lang='grc' dir='ltr'>Ι</span> <span class='ocrx_word' id='word_1_351' title='bbox 2690 4047 2836 4090; x_wconf 91' lang='lat' dir='ltr'><strong>neve</strong></span> 
     </span>
     <span class='ocr_line' id='line_1_36' title="bbox 271 4125 2834 4214; baseline 0 -23"><span class='ocrx_word' id='word_1_352' title='bbox 271 4132 373 4191; x_wconf 90' lang='lat' dir='ltr'><strong>cui</strong></span> <span class='ocrx_word' id='word_1_353' title='bbox 418 4131 490 4191; x_wconf 91' lang='lat' dir='ltr'><strong>de</strong></span> <span class='ocrx_word' id='word_1_354' title='bbox 534 4149 601 4191; x_wconf 89' lang='lat' dir='ltr'><strong>ea</strong></span> <span class='ocrx_word' id='word_1_355' title='bbox 648 4149 712 4190; x_wconf 88' lang='lat' dir='ltr'><strong>re</strong></span> <span class='ocrx_word' id='word_1_356' title='bbox 757 4130 910 4191; x_wconf 87' lang='lat' dir='ltr'><strong>actio</strong></span> <span class='ocrx_word' id='word_1_357' title='bbox 958 4149 1102 4191; x_wconf 90' lang='lat' dir='ltr'><strong>neve</strong></span> <span class='ocrx_word' id='word_1_358' title='bbox 1146 4128 1421 4190; x_wconf 88' lang='lat' dir='ltr'><strong>iudicatio</strong></span> <span class='ocrx_word' id='word_1_359' title='bbox 1480 4137 1635 4203; x_wconf 84' lang='lat' dir='ltr'><strong>este,</strong></span> <span class='ocrx_word' id='word_1_360' title='bbox 1694 4147 1842 4190; x_wconf 93' lang='lat' dir='ltr'><strong>neve</strong></span> <span class='ocrx_word' id='word_1_361' title='bbox 1901 4129 2033 4207; x_wconf 89' lang='lat' dir='ltr'><strong>quis</strong></span> <span class='ocrx_word' id='word_1_362' title='bbox 2089 4127 2161 4189; x_wconf 91' lang='lat' dir='ltr'><strong>de</strong></span> <span class='ocrx_word' id='word_1_363' title='bbox 2221 4148 2287 4190; x_wconf 92' lang='lat' dir='ltr'><strong>ea</strong></span> <span class='ocrx_word' id='word_1_364' title='bbox 2348 4148 2412 4189; x_wconf 89' lang='lat' dir='ltr'><strong>re</strong></span> <span class='ocrx_word' id='word_1_365' title='bbox 2470 4130 2622 4208; x_wconf 88' lang='lat' dir='ltr'><strong>apud</strong></span> <span class='ocrx_word' id='word_1_366' title='bbox 2678 4125 2834 4214; x_wconf 74' lang='lat' dir='ltr'><strong>&#39;[s]e</strong></span> 
     </span>
     <span class='ocr_line' id='line_1_37' title="bbox 269 4232 611 4311; baseline 0 -19"><span class='ocrx_word' id='word_1_367' title='bbox 269 4232 367 4311; x_wconf 87' lang='lat' dir='ltr'><strong>agi</strong></span> <span class='ocrx_word' id='word_1_368' title='bbox 412 4232 611 4293; x_wconf 88' lang='lat' dir='ltr'><strong>sinito.</strong></span> 
     </span>
    </p>

    <p class='ocr_par' dir='ltr' id='par_1_13' title="bbox 270 4325 2831 4571">
     <span class='ocr_line' id='line_1_38' title="bbox 444 4325 2831 4397; baseline -0 -14"><span class='ocrx_word' id='word_1_369' title='bbox 444 4331 658 4397; x_wconf 78' lang='lat' dir='ltr'><strong>Romae,</strong></span> <span class='ocrx_word' id='word_1_370' title='bbox 682 4332 865 4383; x_wconf 76' lang='lat' dir='ltr'><strong>tabula</strong></span> <span class='ocrx_word' id='word_1_371' title='bbox 888 4347 1087 4397; x_wconf 75' lang='lat' dir='ltr'><strong>magna</strong></span> <span class='ocrx_word' id='word_1_372' title='bbox 1113 4347 1296 4393; x_wconf 81' lang='lat' dir='ltr'><strong>aenea,</strong></span> <span class='ocrx_word' id='word_1_373' title='bbox 1333 4347 1366 4382; x_wconf 80' lang='lat' dir='ltr'><strong>a</strong></span> <span class='ocrx_word' id='word_1_374' title='bbox 1391 4329 1620 4382; x_wconf 80' lang='lat' dir='ltr'><strong>Nicolao</strong></span> <span class='ocrx_word' id='word_1_375' title='bbox 1648 4332 1932 4382; x_wconf 76' lang='lat' dir='ltr'><strong>Laurentii</strong></span> <span class='ocrx_word' id='word_1_376' title='bbox 1951 4325 1993 4390; x_wconf 74' lang='grc' dir='ltr'><strong>Γ.</strong></span> <span class='ocrx_word' id='word_1_377' title='bbox 2023 4328 2177 4393; x_wconf 85' lang='lat' dir='ltr'><strong>(Cola</strong></span> <span class='ocrx_word' id='word_1_378' title='bbox 2207 4330 2265 4379; x_wconf 82' lang='lat' dir='ltr'><strong>di</strong></span> <span class='ocrx_word' id='word_1_379' title='bbox 2289 4328 2502 4396; x_wconf 76' lang='lat' dir='ltr'><strong>Rienzi)</strong></span> <span class='ocrx_word' id='word_1_380' title='bbox 2528 4332 2585 4380; x_wconf 79' lang='lat' dir='ltr'><strong>in</strong></span> <span class='ocrx_word' id='word_1_381' title='bbox 2610 4330 2831 4382; x_wconf 77' lang='lat' dir='ltr'><strong>ecclesia</strong></span> 
     </span>
     <span class='ocr_line' id='line_1_39' title="bbox 274 4413 2830 4483; baseline -0 -14"><span class='ocrx_word' id='word_1_382' title='bbox 274 4417 632 4469; x_wconf 73' lang='lat' dir='ltr'><strong>Later-amsi</strong></span> <span class='ocrx_word' id='word_1_383' title='bbox 665 4417 948 4482; x_wconf 70' lang='lat' dir='ltr'><strong>conventa,</strong></span> <span class='ocrx_word' id='word_1_384' title='bbox 982 4418 1140 4468; x_wconf 73' lang='lat' dir='ltr'><strong>hodie</strong></span> <span class='ocrx_word' id='word_1_385' title='bbox 1173 4419 1230 4467; x_wconf 79' lang='lat' dir='ltr'><strong>in</strong></span> <span class='ocrx_word' id='word_1_386' title='bbox 1264 4433 1443 4468; x_wconf 77' lang='lat' dir='ltr'><strong>museo</strong></span> <span class='ocrx_word' id='word_1_387' title='bbox 1483 4416 1782 4483; x_wconf 69' lang='lat' dir='ltr'><strong>Capitolino</strong></span> <span class='ocrx_word' id='word_1_388' title='bbox 1830 4416 2117 4467; x_wconf 72' lang='lat' dir='ltr'><strong>adservata</strong></span> <span class='ocrx_word' id='word_1_389' title='bbox 2154 4413 2258 4478; x_wconf 86' lang='lat' dir='ltr'><strong>(VI</strong></span> <span class='ocrx_word' id='word_1_390' title='bbox 2288 4416 2434 4481; x_wconf 75' lang='lat'><strong>950).</strong></span> <span class='ocrx_word' id='word_1_391' title='bbox 2504 4417 2830 4468; x_wconf 76' lang='lat' dir='ltr'><strong>Postremum</strong></span> 
     </span>
     <span class='ocr_line' id='line_1_40' title="bbox 270 4497 2831 4571; baseline 0 -18"><span class='ocrx_word' id='word_1_392' title='bbox 270 4519 377 4555; x_wconf 73' lang='lat' dir='ltr'><strong>me</strong></span> <span class='ocrx_word' id='word_1_393' title='bbox 412 4521 442 4554; x_wconf 80' lang='lat' dir='ltr'><strong>e</strong></span> <span class='ocrx_word' id='word_1_394' title='bbox 467 4504 730 4571; x_wconf 76' lang='lat' dir='ltr'><strong>pluribus</strong></span> <span class='ocrx_word' id='word_1_395' title='bbox 765 4518 903 4568; x_wconf 77' lang='lat' dir='ltr'><strong>quae</strong></span> <span class='ocrx_word' id='word_1_396' title='bbox 934 4505 1215 4568; x_wconf 72' lang='lat' dir='ltr'><strong>perierunt</strong></span> <span class='ocrx_word' id='word_1_397' title='bbox 1248 4508 1488 4568; x_wconf 74' lang='lat' dir='ltr'><strong>apparet.</strong></span> <span class='ocrx_word' id='word_1_398' title='bbox 1514 4532 1578 4540; x_wconf 95' lang='lat'><strong>—</strong></span> <span class='ocrx_word' id='word_1_399' title='bbox 1611 4502 1794 4554; x_wconf 78' lang='lat' dir='ltr'><strong>Utrum</strong></span> <span class='ocrx_word' id='word_1_400' title='bbox 1817 4518 1888 4552; x_wconf 71' lang='lat' dir='ltr'><strong>ex</strong></span> <span class='ocrx_word' id='word_1_401' title='bbox 1913 4500 2026 4566; x_wconf 72' lang='lat' dir='ltr'><strong>lege</strong></span> <span class='ocrx_word' id='word_1_402' title='bbox 2051 4497 2151 4563; x_wconf 79' lang='lat' dir='ltr'><strong>(cs.</strong></span> <span class='ocrx_word' id='word_1_403' title='bbox 2173 4515 2224 4550; x_wconf 81' lang='lat' dir='ltr'><strong>v.</strong></span> <span class='ocrx_word' id='word_1_404' title='bbox 2248 4499 2331 4550; x_wconf 73' lang='lat'><strong>54.</strong></span> <span class='ocrx_word' id='word_1_405' title='bbox 2351 4501 2446 4566; x_wconf 77' lang='lat'><strong>35)</strong></span> <span class='ocrx_word' id='word_1_406' title='bbox 2485 4501 2615 4553; x_wconf 77' lang='lat' dir='ltr'><strong>haec</strong></span> <span class='ocrx_word' id='word_1_407' title='bbox 2647 4519 2831 4569; x_wconf 73' lang='lat' dir='ltr'><strong>supet·-</strong></span> 
     </span>
    </p>
   </div>
   <div class='ocr_carea' id='block_1_6' title="bbox 266 4582 2831 4738">
    <p class='ocr_par' dir='ltr' id='par_1_14' title="bbox 266 4582 2831 4738">
     <span class='ocr_line' id='line_1_41' title="bbox 266 4582 2831 4654; baseline -0.001 -12"><span class='ocrx_word' id='word_1_408' title='bbox 266 4593 375 4641; x_wconf 76' lang='lat' dir='ltr'><strong>sint</strong></span> <span class='ocrx_word' id='word_1_409' title='bbox 405 4607 479 4642; x_wconf 81' lang='lat' dir='ltr'><strong>an</strong></span> <span class='ocrx_word' id='word_1_410' title='bbox 504 4606 579 4640; x_wconf 72' lang='lat' dir='ltr'><strong>ex</strong></span> <span class='ocrx_word' id='word_1_411' title='bbox 600 4593 825 4639; x_wconf 78' lang='lat' dir='ltr'><strong>senatus</strong></span> <span class='ocrx_word' id='word_1_412' title='bbox 849 4588 1110 4654; x_wconf 75' lang='lat' dir='ltr'><strong>consulto,</strong></span> <span class='ocrx_word' id='word_1_413' title='bbox 1145 4592 1410 4654; x_wconf 75' lang='lat' dir='ltr'><strong>quaesivit</strong></span> <span class='ocrx_word' id='word_1_414' title='bbox 1440 4587 1545 4639; x_wconf 80' lang='lat' dir='ltr'><strong>Mo,</strong></span> <span class='ocrx_word' id='word_1_415' title='bbox 1574 4586 1801 4641; x_wconf 77' lang='lat' dir='ltr'><strong>Staatsr.</strong></span> <span class='ocrx_word' id='word_1_416' title='bbox 1830 4586 1955 4652; x_wconf 75' lang='lat'><strong>1171.</strong></span> <span class='ocrx_word' id='word_1_417' title='bbox 1980 4586 2092 4639; x_wconf 70' lang='lat'><strong>841.</strong></span> <span class='ocrx_word' id='word_1_418' title='bbox 2127 4614 2195 4622; x_wconf 90' lang='lat'><strong>—-</strong></span> <span class='ocrx_word' id='word_1_419' title='bbox 2236 4586 2282 4647; x_wconf 88' lang='lat'><strong>1)</strong></span> <span class='ocrx_word' id='word_1_420' title='bbox 2320 4582 2397 4644; x_wconf 77' lang='lat' dir='ltr'><strong>Cf.</strong></span> <span class='ocrx_word' id='word_1_421' title='bbox 2434 4601 2598 4651; x_wconf 73' lang='lat' dir='ltr'><strong>supra</strong></span> <span class='ocrx_word' id='word_1_422' title='bbox 2635 4587 2702 4639; x_wconf 89' lang='grc' dir='ltr'><strong>Ν.</strong></span> <span class='ocrx_word' id='word_1_423' title='bbox 2725 4589 2831 4641; x_wconf 72' lang='grc'><strong>213</strong></span> 
     </span>
     <span class='ocr_line' id='line_1_42' title="bbox 266 4671 1828 4738; baseline -0.001 -13"><span class='ocrx_word' id='word_1_424' title='bbox 266 4681 316 4726; x_wconf 81' lang='lat' dir='ltr'><strong>et</strong></span> <span class='ocrx_word' id='word_1_425' title='bbox 346 4677 499 4738; x_wconf 73' lang='lat' dir='ltr'><strong>infra</strong></span> <span class='ocrx_word' id='word_1_426' title='bbox 538 4674 609 4728; x_wconf 85' lang='grc' dir='ltr'><strong>Ν.</strong></span> <span class='ocrx_word' id='word_1_427' title='bbox 646 4676 766 4726; x_wconf 79' lang='grc'><strong><em>248.</em></strong></span> <span class='ocrx_word' id='word_1_428' title='bbox 806 4701 864 4711; x_wconf 88' lang='grc'><strong>--</strong></span> <span class='ocrx_word' id='word_1_429' title='bbox 906 4676 956 4737; x_wconf 80' lang='grc'><strong>2)</strong></span> <span class='ocrx_word' id='word_1_430' title='bbox 993 4674 1272 4737; x_wconf 86' lang='lat' dir='ltr'><strong>humarum,</strong></span> <span class='ocrx_word' id='word_1_431' title='bbox 1325 4675 1376 4738; x_wconf 88' lang='grc'><strong>3)</strong></span> <span class='ocrx_word' id='word_1_432' title='bbox 1412 4688 1527 4725; x_wconf 87' lang='lat' dir='ltr'><strong>esse</strong></span> <span class='ocrx_word' id='word_1_433' title='bbox 1562 4688 1591 4723; x_wconf 87' lang='lat' dir='ltr'><strong>e</strong></span> <span class='ocrx_word' id='word_1_434' title='bbox 1629 4671 1828 4723; x_wconf 77' lang='lat' dir='ltr'><strong>tabula.</strong></span> 
     </span>
    </p>
   </div>
   <div class='ocr_carea' id='block_1_7' title="bbox 268 4775 303 4782">
    <p class='ocr_par' dir='ltr' id='par_1_15' title="bbox 268 4775 303 4782">
     <span class='ocr_line' id='line_1_43' title="bbox 268 4775 303 4782; baseline -0.029 0"><span class='ocrx_word' id='word_1_435' title='bbox 268 4775 303 4782; x_wconf 63' lang='lat'><strong>⁴—</strong></span> 
     </span>
    </p>
   </div>
   <div class='ocr_carea' id='block_1_8' title="bbox 312 4774 678 4783">
    <p class='ocr_par' dir='ltr' id='par_1_16' title="bbox 312 4774 678 4783">
     <span class='ocr_line' id='line_1_44' title="bbox 312 4774 678 4783; baseline 0 604"><span class='ocrx_word' id='word_1_436' title='bbox 312 4774 678 4783; x_wconf 95' lang='lat' dir='ltr'><strong> </strong></span> 
     </span>
    </p>
   </div>
   <div class='ocr_carea' id='block_1_9' title="bbox 684 4772 1063 4779">
    <p class='ocr_par' dir='ltr' id='par_1_17' title="bbox 684 4772 1063 4779">
     <span class='ocr_line' id='line_1_45' title="bbox 684 4772 1063 4779; baseline 0 608"><span class='ocrx_word' id='word_1_437' title='bbox 684 4772 1063 4779; x_wconf 95' lang='lat' dir='ltr'><strong> </strong></span> 
     </span>
    </p>
   </div>
   <div class='ocr_carea' id='block_1_10' title="bbox 2347 4807 2418 4858">
    <p class='ocr_par' dir='ltr' id='par_1_18' title="bbox 2347 4807 2418 4858">
     <span class='ocr_line' id='line_1_46' title="bbox 2347 4807 2418 4858; baseline 0 -19"><span class='ocrx_word' id='word_1_438' title='bbox 2347 4807 2418 4858; x_wconf 66' lang='lat'><strong>5*</strong></span> 
     </span>
    </p>
   </div>
  </div>
 </body>
</html>
