3432 5387
578 396 616 453 5
630 397 659 453 1
671 396 708 454 0
1713 395 1894 465 Caput
1926 394 2023 449 IX.

758 569 822 618 In
873 568 1159 619 Britannia
1208 567 1280 618 ad
1319 566 1519 617 vallum
1564 567 1835 618 Hadriani
1878 582 1989 633 rep.
2036 568 2150 619 loco
2205 568 2364 619 hodie
2420 567 2565 618 dicto
2614 569 2984 630 Birdoswald,
3031 569 3164 618 olim

582 653 963 718 Amboglanna
1003 652 1137 717 (VII
1165 653 1269 703 820
1301 651 1462 702 semel
1503 652 1771 717 descripta
1819 667 1956 704 saec.
1990 651 2214 720 XVIII).
2262 681 2331 692 —
2381 657 2427 719 1)
2470 654 2675 705 Eadem
2724 654 2920 705 cohors
2966 653 3169 704 multos

588 739 732 790 alios
780 738 967 789 titulos
1012 738 1236 802 reliquit
1280 736 1702 801 Amboglannae.
1802 734 2072 788 Tribunus
2118 740 2357 789 cohortis
2406 742 2616 805 primae
2663 739 2849 790 Aeliae
2881 739 3166 789 Dacorum

583 823 960 887 Amboglanna
996 825 1301 873 recensetur
1335 824 1496 873 etiam
1534 825 1593 872 in
1627 820 1840 873 Notitia
1876 822 2027 887 dign.
2069 823 2185 874 Occ.
2218 840 2271 890 p.
2307 822 2400 874 444
2436 824 2624 876 Boeclc.
2660 851 2729 861 —
2778 826 2830 887 2)
2868 822 2953 884 et:
2988 840 3165 890 supra

583 907 652 961 N.
688 912 804 961 560.
839 937 904 946 -
941 910 994 972 3)
1032 908 1130 960 Cui
1155 913 1387 973 praeest.

752 1042 924 1114 2554
989 1044 1034 1105 Ι.
1084 1065 1138 1106 ο.
1186 1064 1263 1105 m.
1306 1042 1316 1126 Ι
1356 1044 1487 1105 coh.
1532 1043 1587 1104 11
1632 1043 1859 1124 Tungr.
1901 1041 1911 1124 Ι
1947 1043 2035 1104 Ξ
2093 1063 2184 1123 eq.
2232 1063 2283 1106 c.
2330 1045 2420 1105 L.¹
2466 1045 2562 1106 cui
2613 1043 2624 1127 Ι
2676 1055 2915 1126 praeest
2959 1045 3102 1106 Alb.

599 1151 853 1212 Severus
898 1143 1100 1228 prlaef.
1148 1148 1363 1226 Tung.‚
1407 1141 1597 1230 inlsta.
1643 1145 1766 1207 Vic.
1815 1146 2033 1207 Severo
2078 1141 2434 1230 princip[e].²

758 1250 821 1301 In
863 1247 1069 1313 Anglia
1105 1262 1218 1310 rep.
1265 1246 1340 1296 ad
1382 1246 1582 1296 vallum
1619 1246 1893 1298 Hadriani
1939 1249 2054 1298 loco
2104 1248 2248 1298 dicto
2297 1246 2676 1298 CastIe-Steeds
2722 1247 2859 1308 (VII
2885 1249 2986 1298 879
3021 1247 3167 1297 vidit

583 1334 802 1403 Bruce).
828 1363 895 1371 —
924 1332 975 1401 1)
1016 1333 1215 1384 Cohors
1246 1331 1479 1382 secunda
1521 1330 1866 1396 Tungrorum
1902 1332 2162 1383 milliaria
2198 1334 2436 1398 equitata
2463 1335 2660 1382 civium
2687 1331 3015 1382 Latinorum
3054 1332 3163 1397 (ita

582 1422 876 1487 explicavit
898 1418 1167 1483 Hodgson,
1192 1417 1512 1482 adstipulati
1531 1421 1661 1465 sunt
1685 1416 1931 1467 Huebner
1954 1418 1987 1468 l.
2014 1433 2056 1468 c.
2082 1422 2137 1467 et
2160 1413 2447 1468 Mommsen
2478 1418 2651 1468 Herm.
2677 1416 2741 1468 49
2762 1432 2819 1482 p.
2845 1418 2912 1469 73
2938 1422 3053 1469 not.
3082 1417 3161 1483 5).

584 1533 651 1544 —
698 1507 749 1565 2)
796 1502 1062 1556 Similiter
1104 1496 1358 1552 ‘instante
1403 1492 1674 1567 principe'
1720 1504 1885 1566 positi
1926 1507 2054 1553 sunt
2098 1504 2163 1553 ab
2210 1503 2392 1552 eadem
2442 1505 2655 1553 cohorte
2701 1503 2852 1552 tituli
2900 1501 3013 1553 VII
3039 1505 3157 1554 880.

586 1591 706 1642 882.
777 1588 857 1638 De
888 1589 1229 1654 principibus
1264 1588 1564 1637 cohortium
1599 1588 2026 1638 auxiliariorum
2063 1586 2133 1647 cs'.
2171 1585 2322 1647 infra
2360 1585 2430 1637 N.
2464 1589 2619 1638 2593.

757 1726 928 1798 2555
994 1728 1162 1789 Marti
1210 1737 1270 1789 et
1314 1724 1621 1808 Victolriae
1666 1729 1814 1806 Aug.
1871 1745 1923 1786 c.
1972 1726 2155 1806 Raeiti
2201 1726 2366 1787 milit.
2429 1728 2486 1787 in
2536 1728 2667 1786 coh.
2720 1725 2729 1809 Ι
2784 1727 2835 1786 11
2881 1727 3155 1806 Tungr.¹‚

587 1833 683 1895 cui
722 1831 732 1912 Ι
772 1839 1006 1911 praeest
1051 1824 1311 1914 Silviu[s]
1354 1826 1364 1910 Ι
1402 1830 1637 1908 Auspex
1683 1828 1909 1908 praes.²,
1950 1827 1959 1910 Ι
1998 1848 2051 1888 v.
2097 1849 2145 1889 s.
2190 1828 2227 1888 l.
2273 1847 2353 1889 m.

756 1932 980 1982 Birrens
999 1947 1167 1997 prope
1185 1929 1453 1995 Middleby
1476 1929 1795 1980 Caledonios
1817 1944 1946 1993 rep„
1970 1933 2050 1978 est
2067 1929 2374 1993 Edinburgi
2399 1929 2531 1996 (VII
2550 1929 2680 1980 4068
2701 1929 2839 1979 vidit
2863 1929 3154 1996 Huebner).

586 2043 653 2053 —
694 2018 742 2078 1)
779 2015 934 2094 Cives·
962 2015 1118 2067 Ilaeti
1153 2015 1446 2065 militantes
1479 2015 1540 2063 in
1576 2014 1794 2064 cohorte
1814 2013 2046 2064 secunda
2078 2013 2436 2078 Tungrorum.
2499 2014 2761 2064 Similiter
2792 2016 2932 2066 cives
2955 2015 3157 2080 Philip-

589 2101 900 2166 popolitani
924 2102 1215 2151 militantes
1252 2103 1311 2149 in
1340 2100 1619 2164 praetorio
1652 2104 1950 2163 posuerunt
1986 2099 2199 2150 titulum
2237 2114 2404 2163 supra
2438 2098 2506 2150 Ν.
2530 2100 2679 2163 2094,
2715 2102 2854 2149 cives·
2890 2098 3078 2150 Italici
3106 2104 3156 2148 et

586 2183 779 2235 Norici
802 2185 1096 2235 militantes
1130 2189 1188 2235 in
1225 2184 1433 2248 legione
1466 2187 1620 2233 sexta
1650 2182 1885 2233 Victrice
1908 2185 2122 2235 titulum
2145 2185 2523 2235 Britannicum
2558 2184 2614 2235 V
2611 2184 2664 2234 II
2684 2184 2833 2248 4095,
2873 2183 3153 2235 Tea-andri

582 2274 635 2320 et
672 2269 881 2321 Sunuci
913 2269 1208 2319 militantes
1242 2272 1301 2318 in
1338 2269 1554 2319 cohorte
1584 2268 1817 2319 secunda
1855 2266 2180 2319 Nerviorum
2215 2267 2433 2318 titulum
2470 2267 2536 2319 Ν.
2570 2269 2726 2320 2356.
2797 2270 2860 2319 In
2898 2271 3003 2320 hac
3036 2274 3149 2335 ipsa

588 2355 805 2405 cohorte
837 2354 1070 2404 secunda
1103 2352 1445 2418 Tungrorum
1480 2354 1774 2404 militantes
1805 2368 1982 2419 pagus
2006 2354 2225 2405 Vellaus
2257 2358 2307 2402 et
2327 2369 2507 2419 pagus
2534 2353 2866 2415 Condrustis,
2905 2354 3150 2419 intellege

588 2440 784 2490 milites
818 2456 887 2490 ea·
923 2441 1006 2490 his
1036 2440 1197 2505 pagis
1232 2437 1508 2502 oriundos,
1536 2445 1839 2504 posuerunt
1872 2439 2055 2489 titulos
2091 2438 2198 2489 VII
2220 2438 2362 2490 4072.
2389 2439 2533 2502 4073,
2569 2454 2701 2503 quos
2724 2437 2879 2500 infra
2905 2440 3148 2489 dabimus

586 2527 731 2576 inter
766 2526 955 2576 titulos
988 2539 1171 2574 sacros
1206 2526 1265 2574 in
1301 2527 1475 2590 capite
1512 2525 1575 2574 de
1617 2526 1927 2575 numinibus
1962 2527 2287 2590 peregrinis.
2356 2523 2435 2573 De
2484 2526 2699 2575 cohorte
2732 2525 2967 2575 secunda
3012 2523 3145 2576 stn—

583 2625 812 2675 grorum
849 2608 923 2671 cs.
960 2609 1028 2663 Ν.
1063 2611 1216 2661 2554.
1251 2637 1316 2647 -
1353 2612 1404 2669 2)
1440 2609 1585 2660 Idem
1618 2607 1926 2673 praefectus
1960 2611 2191 2660 eiusdem
2227 2611 2463 2661 cohortis
2496 2615 2575 2660 est
2608 2608 2718 2661 VII
2745 2610 2898 2662 4075.

759 2730 932 2800 2556
1010 2733 1198 2794 Genio
1250 2730 1260 2813 Ι
1311 2734 1494 2793 huus¹
1557 2728 1688 2812 10Ιοί
1745 2731 2005 2792 Texand.
2058 2729 2068 2812 Ι
2119 2743 2179 2793 et
2232 2732 2463 2794 Sunic.²
2513 2732 2522 2812 Ι
2571 2732 2725 2794 vex.³
2778 2732 2983 2794 cohor.
3034 2731 3046 2812 Ι
3094 2732 3141 2791 ΙΙ

585 2833 998 2917 Nerviorlum.⁴

758 2935 820 2985 In
872 2935 1078 2998 Anglia
1134 2949 1247 2999 rep.
1303 2932 1378 2984 ad
1427 2933 1627 2983 vallum
1679 2933 1976 2998 Hadriani,
2034 2934 2150 2984 loco
2204 2933 2345 2984 dicto
2402 2932 2834 2998 CarrawBurgh,
2888 2936 2983 2984 ubi
3034 2932 3143 2995 fuit

591 3020 886 3071 Procolitia
923 3019 1083 3084 (Eph.
1109 3035 1186 3084 ep.
1210 3019 1264 3079 3,
1288 3017 1386 3071 403
1423 3018 1670 3068 Huebner
1704 3016 1841 3068 vidit
1873 3018 2167 3084 ectypum).
2191 3045 2258 3057 -
2297 3021 2345 3082 1)
2369 3018 2486 3072 Ser.
2510 3019 2678 3069 huius·
2704 3047 2768 3056 —
2795 3021 2846 3082 2)
2878 3017 3145 3070 Texandri

592 3110 645 3155 et
681 3105 886 3157 Sunuci
917 3105 1108 3170 populi
1141 3103 1393 3168 Belgicae
1427 3103 1648 3165 finitimi
1668 3102 1901 3164 Nerviis,
1939 3119 1972 3152 a
2010 3105 2199 3169 quibus
2232 3104 2364 3154 haec
2400 3103 2592 3153 cohors
2613 3119 2806 3154 nomen
2843 3108 3017 3156 traxit
3049 3101 3139 3169 (cll

593 3189 884 3240 Mommsen
931 3189 1107 3240 Herm.
1143 3189 1206 3240 49
1245 3204 1302 3254 p.
1336 3189 1403 3239 42
1450 3192 1561 3241 not.
1596 3189 1676 3250 2).
1749 3187 1949 3239 Cohors
1990 3189 2171 3254 prima
2215 3187 2555 3239 Sunucorum
2598 3186 2712 3249 fuit
2753 3192 2813 3240 in
2862 3190 3138 3240 Britannia

590 3291 639 3326 a.
677 3274 775 3325 424
813 3273 1011 3341 (ὤμω.
1046 3302 1112 3311 -
1150 3276 1200 3338 3)
1238 3272 1546 3326 Veoeillarii.
1584 3299 1650 3309 —-
1687 3275 1739 3335 4)
1778 3272 1978 3324 Cohors
2010 3272 2244 3324 secunda
2278 3271 2603 3324 Nerviorum
2648 3278 2978 3325 memoratur
3006 3276 3142 3322 inter

591 3360 804 3411 auoeilia
860 3362 1131 3410 exercitus
1187 3359 1495 3409 Britannici
1550 3361 1609 3407 in
1663 3357 2039 3422 diplomatibus
2094 3358 2325 3409 militum
2374 3362 2657 3409 missorum
2704 3374 2755 3410 a.
2798 3361 2867 3411 98
2912 3359 3068 3425 (Eph.
3109 3359 3138 3406 4

589 3461 643 3512 p.
678 3446 819 3512 300).
857 3444 969 3496 424.
1006 3443 1098 3495 446
1136 3442 1296 3509 (Eph.
1329 3445 1365 3493 ὅ
1392 3459 1449 3508 p.
1486 3445 1594 3507 96),
1630 3446 1757 3492 item
1791 3446 1849 3492 in
1884 3441 2040 3493 titulo
2084 3442 2395 3493 Britannico
2437 3441 2544 3495 VII
2569 3442 2681 3495 704.

758 3583 929 3654 2557
996 3584 1184 3645 Genio
1238 3594 1297 3645 et
1339 3583 1525 3662 signis
1571 3579 1581 3665 Ι
1636 3584 1769 3644 coh.
1813 3583 1839 3642 l
1884 3584 1923 3642 f.
1967 3583 2204 3645 Vardul.
2244 3582 2253 3665 Ι
2294 3602 2344 3644 c.
2391 3584 2461 3644 R.
2509 3600 2601 3661 eq.
2639 3579 2779 3664 Μ’,
2831 3580 2842 3664 Ι
2881 3583 2949 3642 Τ.
2991 3581 3134 3642 Lici-

593 3688 733 3748 nius
777 3682 1136 3768 Valerilanus
1178 3685 1314 3746 trib.

765 3786 827 3836 In
863 3785 1066 3850 Anglia
1102 3801 1212 3850 rep.
1250 3789 1402 3834 trans
1435 3783 1634 3835 vallum
1672 3784 1941 3834 Hadriani
1974 3800 2083 3834 non
2120 3783 2277 3849 longe
2309 3800 2342 3833 a
2366 3783 2565 3846 finibus
2588 3782 2820 3848 Scotiae,
2856 3784 2970 3834 loco
3003 3783 3130 3832 dicto

591 3871 877 3923 Bochester
925 3871 1061 3932 (VII
1103 3869 1230 3920 4054
1282 3868 1420 3918 vidit
1466 3869 1745 3931 Huebner;
1789 3884 1954 3934 supra
1990 3870 2207 3919 titulum
2241 3870 2452 3934 sculpta
2486 3874 2563 3919 est
2610 3869 2740 3920 luna
2787 3873 2839 3919 et
2883 3871 2946 3919 ab
2988 3869 3130 3918 huius

587 3961 819 4021 utraque
838 3960 997 4021 parte
1017 3953 1111 4026 ffi,
1139 3970 1244 4022 qua
1267 3958 1396 4004 nota
1419 3953 1593 4005 Solem
1615 3953 1922 4018 significari
1941 3953 2178 4019 putant).
2203 3981 2272 3991 —
2299 3956 2348 4017 1)
2375 3953 2573 4004 Cohors
2592 3955 2772 4018 prima
2796 3954 2908 4017 fida
2937 3951 3129 4005 Vardu-

592 4057 765 4092 torum
817 4043 1013 4092 civium
1056 4038 1418 4090 Romanorum
1462 4041 1700 4103 equitata
1745 4039 2008 4088 milliaria
2055 4042 2387 4089 memoratur
2432 4041 2577 4088 inter
2619 4041 2835 4090 auxilia
2881 4039 3128 4089 exercitus

583 4127 896 4179 Britannici
931 4142 981 4176 a.
1016 4127 1097 4176 98.
1134 4124 1247 4175 424.
1281 4124 1374 4174 446
1413 4123 1612 4190 (ἀέρι).
1683 4122 1918 4174 Varduli
1948 4123 2179 4188 populus
2216 4123 2508 4188 Hispaniae
2549 4121 2980 4175 Tarraconensis.

757 4264 932 4335 2558
998 4266 1093 4326 ine
1141 4285 1250 4344 ego
1298 4265 1624 4324 Pannoniis
1668 4263 1967 4342 quondam
2015 4265 2356 4324 notissimus
2399 4264 2519 4325 oris

994 4369 1152 4429 inter
1194 4367 1352 4428 mille
1397 4366 1554 4427 viros
1599 4365 1767 4426 sortis
1810 4364 2098 4444 primusq.
2146 4364 2439 4438 Batavos¹‚

999 4470 1294 4531 Hadriano
1341 4469 1506 4548 potui
1552 4468 1653 4546 qui
1699 4466 1890 4528 iudice
1936 4478 2094 4528 vasta
2139 4467 2419 4547 profundi

997 4590 1255 4651 aequora
1301 4570 1547 4632 Danuvii
1594 4569 1823 4630 cunctis
1869 4578 2177 4631 transnare
2222 4568 2332 4629 sub
2378 4569 2609 4642 armis²‚

1001 4675 1338 4753 emissumq.
1385 4691 1546 4744 arcu,
1592 4671 1733 4732 dum
1777 4671 1997 4750 pendet
2042 4671 2100 4731 in
2150 4688 2303 4744 aere,
2350 4672 2583 4745 telum,-

998 4794 1066 4837 ac
1112 4774 1283 4845 redit,
1329 4793 1400 4835 ex
1445 4773 1552 4833 alia
1599 4773 1696 4833 fixi
1740 4773 2009 4852 fregique
2054 4773 2288 4852 sagitta3
