3432 5387
559 392 683 470 3'82
1130 484 1139 493 ‚
1675 414 1856 483 caput
1890 412 2010 468 vn.

731 584 904 655 1940
969 580 1181 671 [iu]ssu
1226 587 1367 667 imp.
1416 583 1725 671 Caesari[s]
1767 586 1778 669 Ι
1818 587 2062 665 Augusti
2101 585 2113 667 Ι
2151 589 2405 667 gerulis¹
2454 589 2588 669 ped.
2634 590 2712 651 111
2760 590 2896 656 SE.

737 686 951 751 Romae,
996 703 1140 737 nunc
1174 685 1403 753 Neapoli
1440 688 1545 754 (VI
1575 689 1753 755 9458).
1828 688 1888 757 ln
1926 692 2088 753 parte
2140 705 2330 739 aversa
2375 692 2608 741 eiusdem
2644 692 2842 759 lapidis
2875 699 3043 745 extat
3085 699 3165 745 ti-

570 774 715 824 tulus
750 788 903 839 quem
940 771 1029 823 Cn.
1055 770 1348 838 Pompeius,
1384 770 1675 838 Pompeiae,
1712 773 1802 823 Cn.
1828 770 1998 837 Magni
2037 772 2089 835 L,
2126 772 2231 837 lib„
2268 772 2568 843 lsochrysus
2593 778 2897 830 celtiberiae
2931 783 3158 844 posuit.

566 887 631 897 -
675 860 725 921 1)
753 857 1113 922 significatur
1135 858 1353 907 decuria
1372 858 1688 922 gerulorum
1727 858 1916 923 (supra
1943 857 2011 909 N.
2046 860 2161 910 366.
2194 862 2306 911 504.
2333 859 2477 925 1909,
2511 861 2680 914 Inscr.
2708 863 2799 916 Gr.
2827 864 2982 917 Sicil.
3011 865 3149 918 Ital.

566 944 732 1007 4082,
769 940 838 1002 cll
876 941 1164 993 Mommsen
1199 940 1431 992 Staatsr.
1468 941 1531 991 1³
1570 959 1626 1007 p.
1662 944 1762 995 366
1798 946 1908 993 not.
1944 944 2019 1011 4).
2091 944 2229 995 Huic
2273 945 2524 997 decuriae
2571 949 2665 998 ubi
2709 950 2886 999 locum
2925 951 3146 1015 pedum

570 1031 739 1078 trium
786 1042 906 1078 cum
942 1027 1205 1077 dodrante
1251 1025 1405 1092 (5³1⁴)
1455 1029 1747 1093 imperator
1779 1030 2059 1091 Augustus
2102 1029 2497 1093 adsignaverit,
2541 1034 2859 1098 ignoratur,
2906 1050 3030 1085 cum
3078 1036 3156 1085 de

567 1115 681 1163 Ioco
716 1114 812 1162 ubi
845 1117 1056 1177 reperta
1093 1114 1165 1160 sit
1200 1114 1478 1176 inscriptio
1515 1127 1623 1162 non
1658 1115 1791 1162 satis
1825 1117 2042 1163 constet.

731 1230 897 1300 1941
970 1233 1033 1293 L.
1086 1232 1296 1293 Luccei
1337 1230 1347 1315 Ι
1387 1233 1643 1294 Narcissi
1684 1234 1693 1311 Ι
1734 1236 2148 1314 perpetuarius
2186 1237 2197 1315 Ι
2237 1238 2573 1300 decuriatus
2616 1240 2785 1301 Rom.

728 1334 987 1385 Bomarzi
1022 1336 1080 1384 in
1118 1334 1343 1384 Etruria
1379 1349 1519 1399 rep„
1559 1334 1754 1384 tabella
1790 1351 1953 1386 aenea
1992 1336 2097 1398 (XI
2112 1338 2240 1389 5044
2281 1338 2446 1389 deser.
2484 1338 2931 1406 Zangemeister).

726 1514 899 1584 1942
964 1517 1027 1579 C.
1075 1518 1257 1579 lulius
1301 1519 1448 1597 Aug.
1494 1517 1532 1576 1.
1581 1516 1855 1602 Samlius]
1897 1517 1908 1603 Ι
1948 1539 2145 1599 proc„
2185 1520 2197 1603 Ι
2246 1541 2532 1584 accensus
2575 1522 2688 1583 divi
2733 1524 2957 1586 Claudii
3005 1537 3062 1586 et
3118 1527 3132 1608 Ι

560 1620 814 1680 Neronis
860 1620 1104 1698 Augusti
1145 1616 1155 1699 Ι
1194 1628 1604 1699 patronorum.

733 1719 929 1770 Tibure
968 1719 1127 1783 (XIV
1150 1722 1280 1771 3644
1315 1719 1431 1769 vidi
1464 1722 1619 1786 ipse).

725 1838 897 1909 1943
961 1844 1207 1904 Eutacto
1246 1842 1256 1923 Ι
1297 1844 1445 1920 Aug.
1493 1840 1590 1901 lib.
1624 1847 1811 1920 proc„
1853 1844 1861 1915 Ι
1902 1862 2152 1906 accenso
2184 1844 2376 1907 delat.¹
2418 1844 2428 1925 Ι
2467 1864 2497 1905 a
2528 1845 2661 1906 divo
2695 1845 3073 1925 Vespasiano,
3111 1850 3124 1927 Ι

554 1944 701 2021 patri
749 1945 1005 2022 optimo,
1048 1943 1057 2023 Ι
1098 1944 1370 2005 Clemens
1415 1943 1585 2004 filius.

722 2043 920 2094 Romae
957 2044 1062 2110 (VI
1086 2044 1216 2095 ⁴962
1255 2043 1392 2092 vidit
1428 2043 1681 2109 Henzen).
1710 2073 1771 2080 —
1817 2048 1866 2104 1)
1907 2043 1988 2103 cr.
2024 2044 2313 2097 Mommsen
2342 2046 2569 2099 Staatsr.
2605 2048 2668 2098 1²
2695 2064 2752 2112 p.
2788 2048 2891 2099 32⁴
2930 2053 3042 2099 not.
3064 2053 3119 2101 5.

722 2162 893 2232 1944
958 2164 1267 2225 Securitati
1309 2165 1318 2243 Ι
1370 2165 1742 2243 cognationis
1786 2184 1925 2227 suae
1965 2164 1975 2248 Ι
2014 2166 2375 2228 Fortunatus
2419 2169 2566 2246 Aug.
2615 2169 2685 2241 l.‚
2739 2167 2749 2248 Ι
2789 2187 2963 2229 verna
3008 2189 3117 2249 pa-

558 2277 797 2337 ternus,
837 2265 848 2346 Ι
898 2267 969 2327 ab
1018 2265 1315 2345 epistuliS‚
1356 2265 1366 2347 Ι
1416 2271 1702 2328 accensus
1747 2278 1980 2347 patron.
2022 2268 2033 2347 Ι
2081 2269 2214 2329 divo
2261 2270 2409 2349 Aug.
2457 2268 2895 2354 Vespasiano„1
2943 2271 3119 2333 lictor

558 2368 799 2439 curiat.‚
841 2366 850 2449 Ι
888 2368 1021 2429 viat.
1069 2369 1279 2429 honor.
1326 2368 1453 2430 dec.
1501 2389 1620 2430 cos.
1656 2379 1708 2429 et
1758 2389 1876 2449 pn,
1917 2374 1926 2445 Ι
1966 2380 2025 2431 et
2069 2370 2178 2431 sibi
2225 2382 2283 2431 et
2321 2368 2330 2453 Ι
2371 2370 2774 2451 Epaphrodito
2820 2377 2967 2453 Aug.
3013 2374 3053 2434 1.
3101 2374 3114 2461 Ι

551 2470 627 2531 ab
671 2470 956 2550 epistulis,
1002 2471 1169 2532 fratri
1213 2489 1342 2531 suo.
1546 2546 1565 2561 .

727 2569 957 2634 Romae,
990 2585 1136 2620 nunc
1167 2570 1480 2621 Florentiae
1517 2571 1626 2637 (Vl
1652 2571 1783 2623 4887
1819 2571 1959 2622 vidit
1995 2571 2248 2637 Henzen).

721 2689 888 2761 1945
957 2692 1032 2754 Μ.
1081 2691 1309 2754 Caelius
1354 2692 1430 2754 M.
1479 2693 1515 2754 l.
1564 2695 1833 2755 Phileros
1877 2712 2109 2755 accenS.
2172 2696 2182 2774 Ι
2243 2695 2310 2754 Τ.
2361 2693 2520 2755 Sexti
2567 2695 2710 2773 imp.
2757 2697 2819 2756 in
2864 2697 3057 2757 Africa
3076 2701 3115 2768 ¹,

557 2796 824 2875 Carthag.
886 2796 1031 2872 aed„
1077 2797 1260 2876 praes.
1313 2802 1325 2875 Ι
1372 2796 1409 2855 i.
1457 2797 1513 2858 d.
1562 2796 1769 2876 vectig.
1816 2796 2020 2875 quinq.
2068 2795 2297 2857 locand.
2346 2796 2404 2857 in
2454 2796 2672 2859 castell.
2721 2796 3052 2872 LXXXIII,
3104 2797 3114 2880 Ι

549 2898 751 2959 aedem
784 2898 928 2958 Tell.
976 2918 1021 2958 s.
1068 2916 1125 2976 p.
1160 2898 1333 2973 fec.2;
1379 2896 1525 2958 Ilvir
1555 2897 1829 2978 Clupiae⁸
1859 2898 1980 2974 bis;
2027 2898 2259 2959 Formis
2298 2897 2307 2978 Ι
2346 2901 2657 2979 August.⁴,
2705 2902 2907 2961 aedem
2938 2901 3114 2980 Nept.

550 3000 724 3079 lapid.
772 3003 924 3059 varis
968 3018 1015 3059 s.
1062 3018 1120 3078 p.
1168 3000 1407 3059 ornav.⁸
1444 2998 1454 3080 Ι
1507 2999 1804 3061 Fresidiae
1851 3000 1916 3060 N.
1966 3000 2002 3060 l.
2050 2999 2261 3062 Florae
2307 3003 2495 3074 uxori,
2542 3002 2666 3062 viro
2712 3003 2952 3082 opseq.⁶
2989 3003 2999 3082 Ι
3039 3003 3113 3073 Q.

551 3100 792 3161 Octavio
844 3100 905 3159 [l.
954 3100 990 3160 l.
1038 3101 1386 3161 Antimacho
1434 3101 1574 3162 karo
1620 3103 1829 3162 amico.

722 3200 893 3263 Prope
929 3200 1180 3249 Formias
1218 3199 1293 3260 (X
1324 3201 1449 3250 6404
1494 3201 1631 3250 vidit
1665 3201 1999 3266 Mommsen).
2036 3231 2100 3239 —
2145 3206 2189 3264 1)
2227 3201 2324 3252 Hes
2369 3220 2418 3256 a.
2461 3202 2515 3255 Τ.
2555 3202 2744 3253 Seaetio
2779 3208 2907 3268 post
2937 3219 3113 3254 necem

554 3284 799 3335 Caesaris
834 3284 1119 3334 dictatoris
1153 3288 1210 3334 in
1235 3282 1431 3344 Africa
1468 3289 1658 3334 contra
1686 3286 2034 3348 Cornificium
2073 3291 2123 3336 et
2160 3291 2349 3337 contra
2379 3287 2538 3336 duces
2564 3288 2806 3337 Caesaris
2833 3288 3116 3339 Octaviani

543 3372 728 3433 gestas
746 3368 1439 3431 enarrantDi048‚2l—23
1455 3371 1572 3430 (sub
1599 3386 1644 3421 a.
1657 3371 1798 3433 744),
1820 3373 2100 3436 Appianus
2116 3373 2395 3432 4,52-56.
2413 3373 2561 3436 5,26.
2593 3372 2974 3437 Imperatorem
2992 3389 3113 3423 eum

553 3453 879 3519 appellatum
905 3470 1014 3503 esse
1037 3454 1170 3504 alibi
1205 3470 1312 3505 non
1350 3455 1606 3506 traditur.
1631 3483 1695 3492 -—
1726 3457 1776 3520 2)
1804 3455 2135 3521 Carthagine
2158 3457 2370 3521 aedilis,
2403 3455 2712 3521 praefectus
2734 3463 2856 3507 iure
2877 3457 3111 3509 dicundo

554 3541 904 3604 vectigalibus
942 3539 1431 3603 quinquennalibus
1468 3540 1709 3590 locandis
1746 3543 1805 3590 in
1842 3542 2076 3592 castellis
2113 3544 2388 3605 octoginta
2427 3543 2621 3602 tribus,
2667 3543 2848 3592 aedem
2889 3541 3113 3593 Telluris

550 3639 649 3672 sua
684 3627 913 3688 pecunia
950 3621 1099 3682 fecit.
1135 3652 1201 3660 —
1242 3626 1291 3686 3)
1329 3623 1523 3691 Clupea
1562 3626 1815 3691 oppidum
1854 3627 2104 3688 Africae,
2142 3643 2246 3691 quo
2281 3626 2547 3676 coloniam
2586 3625 2798 3676 videtur
2829 3626 3114 3676 deduxisse

556 3707 750 3757 Caesar
786 3708 1022 3758 dictator
1059 3708 1155 3769 (ch
1196 3708 1247 3760 C.
1287 3709 1420 3760 VIII
1448 3727 1499 3775 p.
1525 3711 1638 3773 28).
1709 3713 1955 3777 Apparet
1987 3712 2324 3772 Philerotem,
2355 3714 2640 3776 postquam
2677 3726 2796 3760 cum
2833 3710 2888 3764 T.
2924 3710 3111 3761 Sextio

554 3795 614 3840 in
649 3790 899 3852 Africam
935 3795 1093 3853 venit,
1132 3795 1209 3843 ibi
1237 3809 1339 3859 per
1373 3795 1597 3860 aliquod
1629 3800 1835 3861 tempus
1871 3796 2201 3848 domicilium
2236 3796 2422 3858 fici-isse
2458 3799 2510 3844 et
2541 3798 2599 3844 in
2636 3795 2998 3860 compluribus
3019 3811 3109 3859 op-

547 3876 697 3942 pidis
732 3877 1025 3927 honoribus
1059 3876 1309 3938 functum
1344 3896 1467 3931 esse.
1542 3882 1605 3931 ln
1640 3880 1867 3932 coloniis
1900 3897 2035 3946 quas
2072 3881 2124 3933 C.
2163 3881 2360 3932 Caesar
2394 3882 2453 3930 in
2479 3882 2782 3945 provinciis
2822 3883 3112 3944 constituit,

552 3962 761 4013 aditum
810 3963 883 4013 ad
916 3978 1146 4014 summos
1193 3967 1418 4015 honores
1466 3968 1629 4015 etiam
1677 3967 1945 4017 libertinis
1985 3969 2226 4032 patuisse
2272 3965 2548 4029 colligitur
2595 3981 2664 4014 ea:
2711 3966 2826 4029 lege
2871 3965 3112 4016 coloniae

549 4048 721 4099 Iuliae
748 4048 1045 4099 Genetivae.
1072 4078 1137 4087 —-
1162 4052 1216 4115 4)
1239 4050 1561 4114 Augustalis
1597 4052 1688 4113 (ab
1726 4053 2018 4102 honoribus
2052 4053 2228 4116 igitur
2249 4050 2667 4115 municipalibus
2689 4049 3111 4100 Formianorum

550 4135 838 4184 arcebatur
887 4139 948 4183 ut
995 4135 1208 4184 videtur
1241 4135 1482 4185 Phileros
1514 4138 1698 4200 utpote
1746 4136 2066 4202 libertinus).
2151 4136 2392 4186 Ceterum
2444 4139 2518 4184 est
2563 4136 2693 4184 haec
2735 4137 3108 4200 antiquissima

545 4218 778 4280 fortasse
822 4222 1021 4269 mentio
1071 4220 1488 4284 Augustalitatis
1533 4219 1630 4281 (cf.
1678 4236 1845 4286 supra
1892 4219 1958 4271 Ν.
1993 4220 2102 4286 89).
2140 4249 2206 4257 -
2255 4223 2304 4282 5)
2343 4220 2452 4271 Sua
2488 4222 2715 4285 pecunia
2765 4222 2997 4269 ornavit.
3041 4245 3108 4256 —

550 4307 603 4364 6)
644 4303 1164 4369 Opsequentissimae.

720 4439 891 4509 1946
956 4440 1063 4503 Cn.
1097 4441 1405 4502 Cornelius
1436 4442 1666 4520 Magni¹
1714 4442 1752 4502 1.
1794 4436 1804 4522 Ι
1843 4442 2118 4503 Oceanus
2147 4460 2435 4504 accensus
2465 4441 2476 4514 l
2511 4454 2761 4522 patrono
2808 4461 2868 4502 m
2917 4439 3102 4521 cosi³l

547 4545 809 4624 Antipho
855 4544 1119 4623 Magnae.
1159 4543 1169 4624 Ι
1210 4543 1507 4623 Synhetus
1551 4545 1799 4623 Magnae
1846 4542 1882 4604 l.
1924 4542 1934 4625 Ι
1970 4564 2002 4605 a
2049 4562 2251 4605 manu.

720 4644 917 4694 Romae
951 4659 1062 4708 rep.
1102 4644 1210 4704 (Vl
1228 4643 1349 4695 4964
1387 4644 1525 4694 vidit
1559 4646 1623 4695 de
1659 4644 1851 4705 llos-si).
1879 4672 1944 4683 ——
1973 4647 2019 4710 1)
2048 4646 2136 4696 Cn.
2165 4643 2443 4696 Cornelius
2472 4643 2644 4695 Cinna
2667 4643 2898 4708 Magnus
2922 4642 3111 4693 consul

549 4728 662 4789 suit
696 4744 744 4778 a.
779 4745 832 4792 p.
873 4728 993 4780 Chr.
1028 4731 1079 4779 ὅ.
1117 4757 1180 4765 —-—
1220 4730 1271 4792 2)
1307 4729 1370 4778 In
1407 4728 1707 4781 consulatu.
