3432 5387
858 430 1030 485 Tituli
1066 431 1457 500 imperatorum
1493 432 1792 500 domusque
1826 430 2226 500 imperatoriae.
2745 429 2828 488 43

412 602 712 671 Gor-tynae
746 607 807 655 in
832 603 1020 655 Creta:
1056 604 1226 655 deser.
1259 603 1527 655 Halblierr
1557 604 1702 669 (epla.
1728 619 1806 669 ep.
1830 603 1862 655 7
1890 618 1948 668 p.
1969 602 2088 667 424,
2109 601 2190 667 ὅ).
2225 629 2294 639 —-—
2334 604 2380 664 1)
2417 600 2698 668 Supplevit
2719 601 2827 653 Mo.

241 718 308 729 —
341 691 394 752 2)
438 687 578 740 Tale
618 689 760 756 quid
783 691 1009 756 periisse
1043 690 1272 739 coniecit
1309 687 1634 752 Hirschfeld,
1661 688 2056 754 probabiliter;
2091 687 2231 752 lapis
2265 690 2442 737 tamen
2475 688 2687 750 integer
2720 703 2829 737 esse

244 777 341 826 liae
383 779 554 841 parte
605 775 874 827 traditur.
916 802 986 811 —-
1029 774 1081 838 3)
1127 773 1282 825 Hunc
1329 790 1438 824 esse
1480 772 1619 823 diem
1666 789 1772 838 quo
1816 772 2047 824 Seianus
2086 774 2254 838 periit
2297 789 2348 823 a.
2381 771 2449 824 a!
2498 770 2652 836 (Tac.
2698 786 2827 822 ann.

241 864 286 926 6,
306 859 403 927 23)
431 860 661 912 monuit
688 858 1009 922 Hirschfeld.
1036 889 1105 897 —-
1127 862 1180 921 4)
1213 858 1406 908 Deesse
1430 858 1640 922 aliquid
1660 874 1772 909 non
1796 858 2051 909 traditur.
2078 885 2151 895 —
2179 861 2229 918 5)
2267 857 2409 907 Idem
2445 859 2601 907 homo
2636 871 2830 907 memo·

242 950 399 997 ναίω·
425 945 480 997 0.
510 945 573 996 V
568 945 614 1008 1,
641 947 859 998 1262—-
894 948 944 1008 6)
978 944 1192 996 Narrat
1223 943 1330 994 Dio
1363 945 1448 1007 58,
1471 944 1548 995 25
1579 945 1676 993 sub
1713 958 1765 995 a.
1797 944 1898 1008 35,
1943 947 2148 994 tantum
2191 957 2471 992 numerum
2516 947 2825 993 senatorum

236 1032 481 1098 periisse,
516 1034 589 1080 ut
611 1045 689 1081 ese
706 1029 1136 1097 proconsulibus,
1173 1032 1270 1093 qui
1292 1044 1361 1078 ex
1392 1033 1655 1093 praetura
1673 1030 1991 1094 provincias
2024 1029 2409 1091 sortiebantur,
2442 1028 2696 1078 nonnulli
2728 1043 2827 1091 per

242 1121 364 1182 tres,
398 1132 473 1166 ex
500 1116 933 1181 proconsulibus
966 1114 1343 1166 consularibus
1377 1114 1628 1165 nonnulli
1655 1129 1760 1179 per
1791 1129 1889 1164 sex
1918 1128 2088 1165 annos
2120 1115 2430 1178 provincias
2466 1114 2797 1163 obtinuerint
2809 1132 2829 1175 ,-

243 1201 463 1252 illorum
500 1216 661 1251 unus
697 1203 785 1252 laic
818 1205 914 1252 est.

414 1336 547 1406 159
627 1338 717 1398 Ti.
767 1337 996 1398 Caesari
1037 1336 1151 1399 divi
1194 1337 1439 1416 Augusti
1486 1339 1525 1397 s.
1567 1338 1577 1417 Ι
1615 1339 1882 1416 Augusto
1922 1334 1932 1417 Ι
1971 1337 2183 1415 pontif.
2228 1338 2503 1409 maximo,
2549 1354 2669 1397 cos.
2716 1335 2782 1411 V,
2819 1332 2828 1414 Ι

244 1442 379 1503 trib.
443 1449 675 1521 potest.
720 1439 1045 1514 xxxllw,
1098 1437 1109 1520 Ι
1162 1438 1417 1519 principi
1476 1448 1721 1519 optumo
1773 1458 1842 1501 ac
1893 1437 1905 1520 Ι
1956 1439 2308 1513 iustissime,
2365 1438 2769 1500 conservatori
2816 1441 2826 1518 Ι

246 1543 506 1624 patriae,
566 1561 685 1624 pro
741 1541 929 1603 salute
983 1551 1041 1602 et
1092 1537 1101 1621 Ι
1154 1541 1559 1603 incolumitate
1620 1542 1745 1604 eius
1791 1539 1802 1625 Ι
1854 1543 1921 1603 A.
1971 1541 2185 1604 Fabius
2226 1541 2591 1603 Fortunatus
2639 1540 2830 1601 viator

249 1640 401 1730 [ces]
440 1643 453 1727 Ι
492 1653 559 1707 et
606 1639 861 1729 pr[aet.]‚
898 1643 911 1726 Ι
950 1643 1284 1723 Augustalis
1329 1639 1615 1728 prim[us]‚
1656 1639 1667 1724 Ι
1702 1654 1841 1704 voto
1884 1652 2160 1723 suscepto
2205 1663 2263 1724 p.

417 1745 484 1795 In
524 1744 728 1810 oppido
764 1743 1011 1810 Rignano
1046 1743 1121 1794 ad
1153 1745 1298 1793 viam
1335 1744 1689 1808 Flaminiam,
1738 1748 1866 1809 agri
1903 1743 2186 1809 Capenatis
2222 1743 2325 1808 (XI
2354 1745 2492 1796 5872
2538 1744 2699 1794 semel
2730 1746 2829 1795 ite-

252 1846 432 1880 rumve
469 1830 754 1893 descripta
789 1844 924 1881 saec.
963 1826 1103 1896 XV).
1142 1857 1204 1867 —
1246 1831 1295 1892 1)
1331 1829 1392 1879 A.
1427 1828 1611 1895 32135.

418 1963 557 2034 160
627 1968 717 2027 Ti.
765 1966 997 2028 Caesari
1051 1966 1166 2027 divi
1217 1963 1228 2046 Ι
1275 1967 1523 2046 Augusti
1578 1967 1616 2026 f.
1661 1965 1775 2025 divi
1822 1965 1929 2025 luli
1981 1965 1992 2050 Ι
2045 1967 2247 2046 nepoti
2291 1967 2440 2047 Aug.
2499 1966 2769 2046 pontifici
2817 1966 2825 2051 Ι

256 2069 531 2142 maxime,
557 2088 687 2131 coe.
712 2068 778 2142 V,
806 2065 813 2151 Ι
844 2069 984 2149 imp.
1012 2068 1161 2143 VIII,
1195 2079 1266 2129 tr.
1294 2078 1417 2148 pot.
1441 2066 1731 2128 XXXVIII
1749 2068 1786 2144 ¹,
1809 2067 1817 2151 Ι
1843 2070 2072 2148 auguri,
2096 2068 2195 2129 XV
2211 2069 2317 2129 vir.
2346 2087 2495 2130 sacr.
2524 2072 2530 2128 Ι,
2559 2069 2829 2140 Γεθίθηᾱ..

254 2168 475 2232 vllvir.
525 2171 836 2251 epulon.²‚
886 2170 896 2248 Ι
948 2170 1015 2231 L.
1063 2169 1415 2232 Scribonius
1458 2171 1525 2230 L.
1571 2171 1611 2230 f.
1660 2170 1789 2230 Vot.
1838 2170 2006 2231 Celer
2053 2167 2063 2252 Ι
2103 2171 2270 2232 aedil.
2323 2190 2391 2231 ex
2438 2172 2494 2232 d.
2547 2171 2603 2232 d.
2654 2168 2664 2253 Ι
2716 2190 2828 2251 pro

258 2271 421 2334 ludis.

424 2374 593 2424 Antii
636 2387 775 2438 rep„
820 2387 966 2423 nunc
1013 2374 1071 2421 in
1116 2386 1295 2422 museo
1335 2371 1630 2422 Veronensi
1666 2370 1775 2435 (VI
1803 2373 1947 2439 903).
1995 2401 2063 2409 -
2103 2374 2149 2437 1)
2184 2372 2251 2423 Α.
2284 2371 2456 2438 36167.
2492 2401 2562 2410 —-
2598 2374 2648 2437 2)
2683 2371 2827 2424 Raro

259 2456 343 2520 (ue
374 2460 539 2508 etiam
581 2457 811 2510 112062.
846 2456 1071 2525 X8088)
1118 2460 1487 2507 memorantur
1540 2460 1799 2522 quattuor
1844 2458 2146 2508 sacerdotia
2195 2458 2523 2523 amplissima
2559 2461 2620 2509 in
2657 2459 2831 2509 titulis

267 2540 465 2593 Tiberii
502 2540 580 2603 cs.
619 2541 724 2594 Mo.
762 2540 991 2593 Staatsr.
1028 2542 1086 2592 II
1110 2558 1166 2608 p.
1189 2543 1304 2594 736.

428 2677 559 2750 161
625 2679 865 2742 Herculi
895 2678 1115 2741 invicto
1156 2676 1166 2763 Ι
1204 2679 1293 2742 Ti.
1322 2679 1506 2743 Iulius
1535 2681 1786 2760 Augusti
1815 2682 1856 2742 f.
1890 2679 2003 2743 divi
2037 2701 2173 2762 nep.
2207 2681 2419 2744 Caesar
2446 2683 2596 2761 Aug.
2631 2679 2638 2763 Ι
2667 2683 2830 2764 imp„

265 2783 532 2863 pontifex
580 2800 912 2858 maxumus,
955 2780 1086 2844 ded.
1128 2781 1139 2864 Ι
1205 2779 1222 2846 ,Ι
1257 2779 1273 2846 Ι
1310 2779 1323 2832 Ι
1359 2781 1419 2833 Η
1463 2780 1476 2833 Ι
1513 2783 1524 2832 l
1567 2779 1579 2831 Ι
1616 2779 1626 2829 Ι
1670 2779 1680 2830 l
1723 2779 1735 2829 ι

438 2883 609 2936 Tucci
644 2887 702 2933 in
732 2898 884 2948 prov.
921 2882 1162 2947 Baetica,
1197 2884 1363 2937 deser.
1400 2884 1649 2934 Huebner
1684 2882 1767 2948 (11
1798 2883 1965 2951 4660).
2003 2912 2070 2920 -
2106 2882 2178 2933 Et
2212 2882 2350 2934 Julii
2383 2897 2575 2934 nomen
2619 2882 2830 2934 Tiberio

268 2969 491 3021 inditum
525 2971 729 3020 mirum
766 2972 845 3018 est
874 2994 947 3006 —
979 2970 1253 3033 reperitur
1285 2969 1347 3020 id
1373 2972 1655 3035 praeterea
1694 2971 1905 3019 tantum
1941 2970 1998 3018 in
2036 2968 2150 3033 lege
2173 2967 2239 3017 de
2260 2970 2486 3033 imperio
2512 2970 2833 3035 Vespasiani

270 3052 440 3118 (infra
465 3053 538 3106 Ν.
564 3055 688 3121 244)
726 3057 780 3104 et
810 3056 870 3106 in
906 3053 1066 3103 titulo
1095 3053 1297 3105 Graeco
1321 3055 1520 3120 Ephesi
1552 3069 1663 3120 rep.
1691 3052 1899 3119 (Wood
1931 3053 2251 3104 discoveries
2285 3058 2345 3105 at
2377 3054 2631 3120 Ephesus,
2665 3058 2828 3107 inscr.

271 3135 408 3198 froin
454 3141 547 3190 the
580 3140 916 3204 Augusteum
948 3153 1004 3192 n.
1040 3137 1125 3205 u)
1171 3166 1237 3176 —
1283 3143 1337 3189 et
1372 3140 1796 3190 consecrationis
1827 3141 1887 3189 in
1923 3138 2172 3203 Augusto
2206 3141 2404 3191 mentio
2441 3143 2665 3204 omissa,
2706 3156 2832 3191 nam

268 3228 383 3289 post
405 3226 861 3275 consecrationem
884 3225 1124 3288 Augusti
1150 3222 1373 3273 titulum
1390 3227 1625 3289 positum
1659 3240 1768 3274 esse
1804 3223 2133 3275 demonstrat
2158 3223 2514 3290 pontificatus
2546 3228 2836 3280 maximus.

271 3307 403 3358 Milia·
433 3308 655 3359 videtur
688 3308 880 3359 titulus
904 3323 1062 3374 posse
1088 3311 1362 3373 pertinere
1396 3308 1470 3359 ad
1503 3309 1701 3359 donum
1737 3308 1923 3359 datum
1948 3309 2167 3360 Herculi
2188 3326 2221 3360 a
2254 3309 2464 3361 Tiberio
2502 3311 2834 3363 adulescente

272 3393 328 3441 in
350 3393 615 3459 Hispania
640 3398 887 3445 morante
917 3390 1017 3459 (cf.
1041 3393 1115 3444 ad
1135 3392 1202 3445 Ν.
1227 3393 1362 3460 144),
1396 3396 1676 3444 restitutus
1692 3398 1819 3460 post
1842 3394 2060 3461 longam
2083 3411 2351 3447 annorum
2372 3398 2580 3461 seriem,
2602 3393 2836 3457 fortasse

273 3479 418 3527 iussu
453 3477 706 3544 Neronis,
744 3482 899 3529 cuius
931 3493 1126 3529 nomen
1159 3478 1279 3529 vide
1313 3494 1382 3528 ne
1415 3494 1627 3529 erasum
1661 3481 1735 3529 sit
1767 3482 1825 3528 in
1858 3480 1984 3543 fine.

439 3611 571 3682 162
634 3616 855 3678 Romae
900 3625 959 3677 et
1003 3617 1180 3698 imp.¹
1228 3615 1315 3677 Ti.
1356 3616 1586 3677 Caesari
1625 3614 1636 3696 Ι
1676 3618 1943 3697 Augusto
1987 3637 2220 3680 sacrum
2259 3620 2270 3700 Ι
2310 3624 2544 3692 (reliqua
2581 3627 2691 3693 legi
2725 3643 2836 3678 non

270 3716 600 3782 pomer-unt).

445 3801 510 3850 In
565 3804 851 3865 provincia
895 3798 1092 3861 Africa
1146 3802 1263 3852 loco
1321 3801 1468 3852 dicto
1512 3800 1792 3866 Mograwa
1841 3801 2003 3866 (VIII
2037 3805 2181 3870 685).
2235 3834 2304 3842 -
2362 3808 2411 3869 1)
2454 3805 2600 3857 Nota
2644 3809 2835 3858 iuncta

276 3888 621 3948 praenomina
664 3885 867 3938 Tiberii
899 3890 952 3935 et
985 3888 1346 3951 imperatoris,
1385 3887 1447 3937 id
1479 3887 1626 3952 quod
1657 3885 1865 3947 factum
1899 3903 2007 3938 esse
2041 3889 2257 3940 videtur
2291 3894 2452 3941 etiam
2491 3891 2624 3944 VIII
2643 3893 2837 3955 maoz,-

281 3968 346 4027 οἵ.
377 3987 543 4036 supra
577 3971 651 4022 ad
680 3969 750 4023 Ν.
774 3970 874 4021 452
910 3974 1019 4021 not.
1044 3970 1090 4022 Ι.

443 4104 571 4176 163
634 4126 846 4188 aquam
891 4083 1265 4192 Augus[tain]
1307 4106 1317 4191 Ι
1358 4109 1417 4170 in
1465 4109 1758 4171 honorem
1804 4107 1919 4193 [Ti.
1969 4106 2269 4195 Cae]1saris
2297 4113 2544 4193 Augusti
2593 4108 2837 4199 n[epo]'-

282 4214 455 4289 tumq.
492 4211 621 4272 eius
655 4204 1084 4297 Pelt[uin(um)]
1122 4209 1130 4293 Ι
1166 4211 1586 4290 adduxermut)
1628 4213 1792 4292 pr(o)
1835 4208 2135 4298 ae[tern.]²
2180 4213 2492 4276 Caesarum
2532 4212 2540 4298 Ι
2578 4216 2832 4277 Salvieni

284 4306 516 4395 Paul[us
557 4306 634 4394 et]
673 4313 684 4390 Ι
723 4311 938 4375 Florus
974 4313 985 4390 Ι
1022 4314 1146 4375 aed.
1192 4308 1335 4397 q[q.]

440 4412 674 4477 Aquilae
708 4427 839 4477 rep..
873 4413 966 4463 sed
997 4413 1204 4477 prodiit
1238 4414 1377 4477 lapis
1403 4419 1539 4479 puto
1576 4431 1645 4465 ea:
1677 4415 1967 4466 ruderibus
2000 4416 2188 4482 oppidi
2226 4417 2567 4468 Vestinorum
2603 4415 2836 4468 Peltuini

285 4492 381 4556 (lx
395 4498 573 4563 4209).
604 4525 676 4538 ·-
704 4495 915 4549 Titulus
945 4499 1154 4563 positus
1184 4502 1309 4564 post
1340 4503 1567 4550 mortem
1588 4499 1776 4562 Drusi,
1813 4517 1932 4552 cum
1967 4503 2056 4552 liic
2088 4517 2197 4553 non
2231 4505 2585 4562 memoretur,-
2622 4506 2838 4568 nepotes

283 4587 399 4632 sunl
435 4585 536 4633 aut
579 4581 726 4634 Nero
774 4585 829 4632 et
858 4581 1070 4634 Drusus
1121 4581 1428 4635 Germanici
1465 4583 1597 4649 filii,
1642 4589 1743 4636 aut
1784 4587 1977 4636 lacrum
2021 4584 2201 4647 frater
2250 4585 2416 4637 Gaius
2459 4603 2578 4638 cum
2627 4587 2836 4638 Tiberio

284 4661 443 4716 Drusi
473 4665 519 4728 s.
564 4694 632 4705 --
680 4669 730 4730 1)
768 4665 1043 4733 Supplevit
1075 4665 1182 4720 Μο.
1252 4668 1333 4718 De
1366 4666 1606 4730 formula
1645 4673 1756 4722 voti
1792 4687 1928 4736 quae
1963 4670 2075 4732 suit
2106 4688 2211 4738 pro
2244 4674 2565 4723 aeternitate
2598 4673 2838 4738 Augusti

285 4747 348 4810 cl.
382 4749 594 4801 ΗΜ
629 4756 733 4803 act.
770 4752 902 4804 Aru.
928 4768 988 4819 p.
1013 4752 1122 4805 m.
