3432 5387
526 376 654 433 404
1663 374 1844 443 Caput
1876 372 1970 425 IX.

526 549 567 607 f.
620 555 677 606 et
725 547 801 622 (4)
845 544 870 603 l
914 544 1209 603 Thracum
1255 561 1306 602 c.
1354 542 1422 602 R.
1471 552 1530 603 et
1576 542 1654 622 (5)
1702 541 1725 601 Ι
1774 542 2145 604 lturaeorum
2193 552 2251 602 et
2296 544 2370 619 (6)
2401 542 2426 601 l
2460 541 2648 602 Flavia
2681 539 2854 619 Ulpia
2901 538 3138 616 Hispa·

532 665 749 707 norum
796 665 874 706 00
919 664 970 706 c.
1018 645 1085 704 R.
1132 656 1191 705 et
1236 650 1309 721 (7)
1357 644 1402 704 ll
1450 645 1751 704 Gallorum
1786 645 2163 706 Macedonica
2210 654 2270 704 et
2313 645 2384 721 (8)
2418 644 2497 704 111
2541 643 2908 722 campestris
2964 660 3026 701 c.
3066 640 3137 700 ll.

528 759 587 811 et
618 753 691 826 (9)
738 747 846 808 1111
878 748 1088 827 Cypria
1134 767 1185 808 c.
1218 748 1286 808 R.
1334 755 1390 808 et
1437 748 1542 824 (10)
1588 746 1714 807 Vlll
1751 745 2071 807 Raetorum
2119 764 2171 806 c.
2226 747 2337 819 Β),
2384 756 2445 807 et
2487 745 2714 824 pedites
2758 744 3140 824 singulares

527 850 853 912 Britannici
868 850 908 922 ³,
954 858 1013 910 et
1041 860 1182 912 sunt
1226 851 1284 910 in
1319 848 1494 909 Dacia
1526 849 1634 909 sub
1668 850 1737 909 D.
1775 849 2057 909 Terentio
2090 848 2473 920 Scauriano⁸‚
2521 847 2719 925 quinis
2764 856 2825 907 et
2873 847 3140 906 vicenis

529 952 873 1034 pluribusve
916 952 1225 1032 stipendiis
1269 950 1530 1012 emeritis
1574 949 1831 1012 dimissis
1878 951 2125 1012 honesta
2173 950 2485 1022 missione,
2547 967 2804 1027 quorum
2853 949 3139 1008 nomina

530 1055 862 1134 subscripta
919 1064 1089 1115 sunt:
1150 1054 1294 1134 ipsis
1339 1051 1540 1113 liberis
1583 1052 1957 1132 posterisque
2003 1071 2210 1115 eorum
2258 1051 2550 1111 civitatem
2595 1051 2757 1112 dedit
2801 1060 2862 1112 et
2918 1070 3139 1111 conu-

532 1158 694 1218 bium
740 1174 875 1217 cum
923 1155 1238 1231 uxoribus,
1298 1173 1445 1233 quas
1489 1163 1636 1215 tunc
1692 1153 2042 1216 habuissent
2085 1172 2222 1215 cum
2268 1162 2356 1214 est
2399 1153 2599 1214 civitas
2642 1154 2714 1214 iis
2770 1152 2952 1225 data,
3027 1163 3140 1212 aut

529 1260 576 1320 si
631 1259 732 1338 qui
793 1256 1046 1319 caelibes
1103 1266 1335 1330 essent,
1394 1275 1527 1317 cum
1588 1257 1658 1318 iis
1703 1274 1851 1334 quas
1896 1264 2099 1334 postea
2159 1255 2467 1317 duxissent
2520 1256 2821 1316 dumtaxat
2874 1253 3137 1334 singuli

526 1361 809 1439 singulas.
880 1359 947 1418 A.
995 1359 1049 1419 d.
1097 1358 1230 1418 Xlll
1277 1359 1334 1419 k.
1368 1358 1536 1419 Mart.
1572 1359 1699 1419 Ser.
1735 1358 2018 1436 Scipione
2051 1356 2384 1418 Salvidieno
2418 1358 2626 1429 Orfito,
2674 1356 2748 1417 M.
2781 1357 3134 1417 Peducaeo

534 1462 800 1522 Priscino
846 1460 995 1521 cos.⁸

702 1564 825 1623 alae
886 1560 911 1622 1
968 1563 1117 1641 Aug.
1175 1560 1496 1634 Ituraeor.,
1553 1562 1651 1622 cui
1709 1570 1909 1641 praest
1970 1562 2030 1622 C.
2080 1561 2304 1621 Vettius
2366 1560 2633 1634 PriscuS,
2694 1580 2765 1622 ex
2822 1560 3129 1640 gregale:

533 1667 791 1727 Thaemo
839 1663 1045 1724 Horati
1086 1664 1129 1723 f.
1176 1663 1442 1735 Ituraeo,
1501 1672 1559 1723 et
1602 1663 1709 1723 Nal
1757 1664 1794 1722 f.
1841 1665 2000 1735 eius,
2061 1672 2120 1724 et
2172 1663 2369 1724 Marco
2426 1664 2499 1734 12,
2557 1662 2682 1723 eius
2727 1671 2785 1722 et
2828 1663 3126 1721 Antonio

534 1772 574 1829 f.
621 1768 763 1828 eius.

698 1868 1070 1948 Descriptum
1118 1876 1175 1927 et
1220 1867 1594 1944 recognitum
1642 1888 1713 1928 ex
1759 1867 1957 1928 tabula
2003 1886 2217 1940 aenea,
2275 1885 2427 1945 quae
2473 1869 2584 1926 fixa
2631 1873 2720 1927 est
2763 1866 2999 1926 Romae
3054 1866 3118 1925 in

529 1990 700 2032 muro
748 1981 883 2051 post
927 1970 1212 2047 templum
1259 1969 1371 2027 divi
1418 1970 1567 2045 Aug.
1612 1970 1680 2029 ad
1732 1970 2070 2030 Minervam.

704 2069 916 2121 Tabana
951 2085 1135 2131 amaea,
1167 2083 1299 2132 pars
1332 2084 1488 2132 prior·
1520 2068 1783 2136 diptycffl,
1817 2086 1930 2135 rep.
1968 2074 2025 2120 in
2064 2071 2348 2134 Hungaria
2384 2067 2498 2128 (ΙΙΙ
2522 2083 2576 2132 p.
2600 2069 2701 2119 868
2734 2067 2807 2116 ad
2840 2071 3112 2132 ectypmn

523 2168 853 2222 gypsaceum
899 2156 1068 2203 musei
1119 2153 1588 2217 Vindobonensis).
1624 2182 1691 2190 —
1742 2156 1790 2216 1)
1837 2155 1902 2205 A.
1939 2154 2051 2207 440.
2089 2184 2152 2192 —-
2204 2155 2257 2217 2)
2293 2153 2383 2204 Ex
2416 2154 2499 2203 liis
2535 2152 2639 2202 alis
2680 2154 3116 2217 cohortibusque

527 2241 623 2290 sub
656 2238 892 2290 Traiano
927 2241 987 2288 in
1009 2237 1183 2287 Dacia
1220 2237 1560 2288 tendentibus
1584 2239 1900 2305 complures,
1933 2239 2137 2289 seilicet
2173 2238 2264 2289 ala
2285 2240 2465 2302 prima
2488 2239 2686 2288 civium
2709 2234 3108 2297 Romanorum,

526 2326 769 2375 cohortes
814 2326 994 2388 prima
1040 2322 1363 2373 Britannica
1410 2323 1650 2373 miliaria
1702 2326 1902 2374 civium
1937 2324 2328 2386 Romanorum,
2374 2326 2563 2371 octava
2611 2320 2923 2385 Raetorum,
2966 2327 3106 2371 item

526 2410 696 2459 altera
722 2425 792 2459 ea·
823 2409 1029 2459 duabus
1064 2409 1375 2458 cohortibus
1396 2410 1590 2472 primis
1614 2407 1972 2473 Ilm-aeorum,
1996 2411 2092 2459 sub
2119 2409 2534 2475 imperatoribus
2556 2406 2766 2458 Fluviis
2787 2404 3020 2467 fuerant
3043 2411 3106 2456 in

526 2495 805 2544 Pannonia
844 2490 940 2554 (cf.
973 2508 1140 2557 supra
1178 2492 1244 2545 Ν.
1280 2493 1450 2558 4997),
1485 2495 1675 2544 cohors
1714 2497 1900 2559 prima
1942 2494 2193 2558 Augusta
2242 2493 2582 2544 Ilm-aeorum
2619 2497 2780 2543 eiiam
2816 2508 2958 2543 anno
2997 2493 3106 2544 458

523 2578 639 2640 fuit
673 2582 730 2629 in
761 2579 935 2628 Dacia
972 2576 1069 2638 (cf.
1093 2576 1161 2629 Ν.
1185 2579 1358 2639 2006).
1422 2579 1620 2629 Cohors
1655 2582 1816 2629 teriia
1854 2580 2167 2643 campestris
2198 2585 2477 2643 praeterea
2513 2584 2642 2629 noia
2677 2595 2748 2628 ea:
2780 2579 2894 2636 solo
2930 2579 3100 2628 tilulo

525 2665 838 2716 Atheniensi
872 2663 956 2714 ΙΙΙ
984 2664 1040 2716 S.
1063 2664 1225 2726 7289,·
1261 2664 1561 2716 cohortium
1598 2664 1922 2731 Cym-iarum
1955 2670 2235 2729 praeterea
2271 2665 2424 2716 nulla
2457 2667 2657 2716 mentio
2693 2666 2803 2715 nisi
2836 2666 2896 2715 in
2933 2664 3099 2715 titulo

527 2751 968 2815 Panticapaeensi
1000 2765 1084 2815 ap.
1123 2749 1418 2815 Latysclzev
1457 2752 1617 2802 inser.
1655 2752 1814 2801 Ponti
1837 2749 2051 2799 Euxini
2082 2752 2118 2801 2
2148 2767 2205 2816 p.
2230 2749 2339 2801 444.
2362 2778 2430 2787 -
2467 2753 2517 2814 3)
2553 2750 2760 2801 Pedites
2789 2750 3101 2814 singulares

528 2837 859 2885 Brittannici
888 2839 1256 2886 memorantur
1291 2839 1452 2885 eiiam
1486 2837 1546 2884 in
1588 2835 1698 2885 alia
1735 2836 2119 2885 constitutione
2151 2838 2449 2898 pertinente
2492 2834 2565 2885 ad
2597 2837 2897 2885 exercitum
2933 2836 3098 2885 Daci-

526 2935 647 2970 cum
693 2920 820 2970 dato
869 2935 1011 2970 anno
1058 2922 1184 2970 circ.
1220 2919 1315 2971 457
1365 2919 1477 2984 (ΙΙΙ
1511 2935 1567 2984 p.
1602 2923 1704 2971 882
1755 2916 1825 2979 cll
1864 2922 2025 2969 etiam
2063 2920 2268 2984 tegulas
2302 2920 2476 2970 editas
2523 2921 2670 2971 areli.
2706 2935 2784 2985 ep.
2820 2919 2994 2971 Mitelz.
3031 2919 3096 2969 44

518 3022 576 3070 p.
599 3006 688 3071 99)
728 3004 799 3064 cl'.
829 3004 1113 3054 Mommsen
1139 3004 1313 3054 Herm.
1342 3004 1403 3054 49
1430 3020 1485 3069 p.
1523 3006 1643 3064 226,
1678 3007 1731 3057 5.
1767 3005 1889 3058 229.
1915 3032 1980 3040 —
2007 3007 2058 3067 4)
2083 3004 2318 3069 Legatus
2356 3009 2686 3055 memoratur
2721 3007 2881 3054 etiam
2921 3005 2974 3056 C.
3013 3004 3101 3055 ΙΙΙ

525 3090 673 3140 4443.
711 3118 772 3125 -
814 3093 863 3151 5)
900 3089 960 3139 47
994 3090 1149 3139 Febr.
1189 3089 1293 3139 440.

700 3207 873 3278 2005
939 3209 1079 3288 imp.
1113 3209 1326 3270 Caesar
1354 3209 1469 3269 divi
1501 3209 1781 3270 Hadriani
1814 3211 1874 3282 12,
1920 3210 2035 3270 divi
2066 3210 2304 3270 Traiani
2336 3211 2491 3271 Part.
2526 3230 2685 3289 nep.,
2729 3211 2843 3272 divi
2874 3213 3093 3272 Nervae

531 3329 837 3393 pronepos
880 3311 947 3372 T.
994 3312 1194 3372 Aelius
1239 3311 1573 3372 Hadrianus
1618 3311 1959 3373 Antoninus
2004 3314 2150 3390 Aug.
2198 3312 2339 3374 Pius
2393 3321 2562 3392 pont.
2608 3331 2791 3386 max.,
2850 3323 2923 3373 tr.
2970 3323 3092 3392 pot.

532 3413 661 3489 ΧΓ,
706 3414 849 3493 imp.
897 3413 968 3486 11,
1016 3432 1134 3474 cos.
1168 3413 1297 3486 1111,
1343 3432 1402 3491 p.
1435 3432 1516 3492 p.,
1563 3413 1809 3491 equitib.
1844 3424 1901 3473 et
1945 3415 2208 3493 peditib.,
2255 3417 2356 3494 qui
2388 3416 2693 3477 militaver.
2728 3416 2786 3476 in
2822 3416 2928 3478 alis
2960 3416 3004 3474 V
3036 3425 3092 3475 et

531 3516 665 3577 coh.
711 3516 831 3586 Vll,
880 3534 1032 3594 quae
1076 3514 1292 3595 appell.
1341 3513 1414 3594 (1)
1460 3514 1684 3594 lUlpia
1731 3526 1956 3576 contar.
2003 3536 2081 3577 00
2127 3525 2186 3578 et
2231 3519 2302 3594 (2)
2350 3517 2614 3578 {Thrae
2662 3517 2829 3577 victr.
2864 3527 2921 3578 et
2962 3516 3086 3592 (3)1

532 3617 695 3697 Hisp.
742 3619 945 3678 Arvac.
993 3626 1051 3678 et
1094 3618 1168 3699 (4)
1212 3619 1235 3677 1
1283 3616 1530 3678 Cannes.
1578 3635 1627 3677 c.
1676 3618 1744 3678 R.
1794 3630 1852 3678 et
1895 3620 1969 3697 (5)
2002 3619 2079 3679 111
2112 3620 2261 3697 Aug.
2295 3618 2436 3680 Thr.
2482 3620 2649 3698 sag.¹,
2695 3630 2756 3680 et
2798 3621 2871 3696 (1)
2903 3620 2927 3680 1
2964 3619 3087 3698 Ulp.

531 3720 720 3782 Paun.
768 3730 827 3779 et
874 3721 945 3795 (2)
993 3719 1015 3778 Ι
1062 3720 1222 3781 Aelia
1270 3719 1440 3799 sagit.
1489 3729 1546 3778 et
1587 3721 1662 3795 (3)
1707 3718 1892 3779 XVlll
1938 3721 2051 3780 vol.
2099 3740 2150 3781 c.
2197 3721 2267 3781 R.
2313 3733 2371 3782 et
2412 3723 2486 3798 (4)
2519 3720 2628 3782 llll
2674 3721 2787 3781 vol.
2836 3741 2887 3783 c.
2923 3722 2990 3782 R.
3036 3731 3090 3781 et

529 3823 603 3899 (5)
650 3820 672 3879 l
718 3820 928 3880 Thrac.
976 3841 1028 3881 c.
1076 3822 1145 3882 R.
1192 3831 1251 3882 et
1297 3823 1373 3898 (6)
1408 3821 1449 3878 V
1482 3821 1764 3882 Callecor.
1798 3823 2156 3884 Lucensium
2202 3833 2262 3883 et
2305 3825 2380 3900 (7)
2411 3821 2464 3883 ll
2495 3823 2807 3903 Alpinor.⁸,
2855 3833 2913 3883 et
2955 3834 3091 3884 sunt

530 3923 590 3983 in
640 3923 826 3983 Pann.
884 3941 1084 4003 super.
1143 3923 1255 3986 sub
1303 3923 1517 3984 Pontio
1566 3924 1898 3999 Laeliano⁴,
1946 3925 2213 4004 quinque
2257 3937 2317 3986 et
2362 3926 2564 4003 viginti
2607 3924 2864 4004 stipend.
2913 3942 3089 3986 emer.

530 4025 751 4086 dimiss.
811 4025 1041 4086 honest.
1101 4025 1398 4099 mission.,
1457 4044 1630 4104 quor.
1691 4027 1919 4087 nomin.
1978 4027 2207 4088 subscr.
2268 4037 2437 4094 sunt,
2498 4027 2650 4087 civit.
2697 4027 2947 4088 Roman.
2993 4029 3089 4106 qui

536 4146 743 4187 eorum
782 4146 901 4187 non
951 4128 1173 4201 habe1·.,
1221 4128 1380 4188 dedit
1423 4138 1483 4188 et
1526 4128 1747 4190 conub.
1796 4147 1928 4188 cum
1980 4129 2230 4201 uxot-ib„
2275 4148 2421 4208 quas
2465 4140 2609 4190 tunc
2654 4130 2911 4192 babuiss.
2958 4147 3088 4191 cum

534 4237 622 4290 est
665 4229 819 4289 civit.
869 4229 938 4289 iis
982 4230 1133 4304 data,
1182 4242 1282 4291 aut
1328 4248 1462 4291 cum
1508 4231 1578 4292 iis
1622 4250 1771 4309 quas
1814 4241 1967 4309 post.
2015 4231 2234 4292 duxiss.
2268 4232 2569 4292 dumtaxat
2611 4230 2880 4310 singulis
2939 4233 3004 4291 A.
3036 4231 3089 4290 d.

531 4330 633 4390 Vll
680 4331 755 4391 id.
805 4330 936 4391 Oct.
986 4332 1049 4393 C.
1098 4331 1279 4393 Fabio
1328 4333 1677 4412 Agrippin0,
1725 4333 1811 4393 M.
1851 4333 2109 4393 Antonio
2157 4333 2314 4393 Zeno
2365 4340 2492 4405 (sic)
2540 4333 2684 4394 cos.⁸

702 4435 833 4495 coh.
882 4433 906 4493 1
964 4434 1168 4514 Ulpiae
1214 4435 1567 4508 Panonior.,
1626 4435 1723 4495 cui
1770 4445 1969 4515 praest
2013 4435 2080 4495 A.
2129 4434 2382 4496 Baebius
2426 4435 2688 4514 Regillus
2734 4435 2963 4506 Suess.‚
3021 4451 3089 4492 ex

529 4535 756 4613 pedite:
802 4536 973 4597 Attae
1016 4536 1280 4597 Nivionis
1326 4537 1364 4597 f.
1412 4536 1606 4596 Azalo.

460 4625 467 4634 ’
704 4637 993 4717 Descript.
1042 4647 1101 4698 et
1144 4638 1432 4718 recognit.
1480 4658 1551 4699 ex
1595 4638 1777 4700 tabul.
1826 4657 2026 4708 aenea,
2072 4657 2226 4717 quae
2271 4640 2385 4699 fixa
2431 4648 2520 4699 est
2563 4638 2782 4699 Romae
2813 4639 2871 4699 in
2921 4654 3087 4698 muro

528 4747 665 4818 post
708 4741 909 4818 templ.
955 4739 1068 4799 divi
1115 4742 1262 4819 Aug.
1309 4739 1380 4799 ad
1427 4740 1768 4802 Minervam.
1843 4741 1909 4802 L.
1957 4741 2107 4802 Pulli
2155 4741 2390 4821 Daphni
2422 4776 2502 4784 —
2536 4742 2611 4802 M.
2659 4740 2866 4801 Servili
2911 4739 3087 4801 Getae
