3432 5387
597 423 768 478 Tituli
803 422 1174 478 ministrorum
1209 423 1402 476 domus
1438 422 1723 488 Augustae
1760 419 2098 475 condIcionis
2131 419 2421 475 libertinae
2458 424 2515 475 et.
2548 421 2773 476 servilis.
2838 419 2958 478 361

580 595 750 664 1793
816 597 872 657 d.
919 616 996 656 m.
1036 596 1047 678 Ι
1087 596 1349 657 Galeriae
1379 592 1697 676 Claudiae!
1739 614 1889 673 quae
1935 595 2045 655 vix.
2099 612 2194 660 an.
2240 593 2395 660 xvu
2435 594 2444 678 Ι
2486 613 2543 674 p.
2591 596 2707 669 m.¹,
2748 593 2758 676 Ι
2801 596 2970 656 Gale-

409 703 532 763 rius
568 698 579 783 Ι
620 700 1046 780 Anthophorus
1084 698 1094 781 Ι
1134 698 1308 779 Aug.²
1352 698 1470 772 lib„
1516 697 1750 765 adiutor
1783 695 1794 776 Ι
1835 717 1867 758 a
1899 697 2128 777 lagona,
2175 695 2300 758 lib.³
2344 705 2403 758 et
2441 699 2452 773 Ι
2489 697 2731 778 coniugi
2775 697 2833 757 b.
2866 717 2968 771 m.,
3080 787 3087 794 ⁸

409 813 467 866 et
510 802 621 865 sibi
660 799 672 886 Ι
710 801 1082 880 posterisque
1127 800 1266 861 suis.

580 901 779 952 Romae
815 900 924 963 (VJ
949 901 1080 951 8866
1115 900 1252 950 vidit
1284 900 1602 963 Burmann).
1638 927 1705 935 —
1746 901 1794 963 1)
1831 899 1955 950 Plus
1988 900 2180 949 minus.
2219 927 2284 937 —
2331 900 2383 963 2)
2417 901 2718 964 Augustae,
2766 900 2972 950 scilicet

399 989 708 1040 ‘Faustinae
740 988 987 1036 senioris.
1025 1013 1092 1022 —
1127 988 1178 1049 3)
1202 984 1479 1035 'Liber-tae.
1629 987 1634 996 “

577 1136 746 1207 1794
808 1139 864 1199 d.
913 1132 1032 1223 [m]
1073 1136 1083 1219 Ι
1124 1138 1406 1200 Erasinus
1462 1138 1623 1200 Caes·
1665 1135 1676 1219 Ι
1715 1158 1776 1198 n.
1834 1157 1947 1199 ser.
2006 1137 2237 1199 adiutor
2279 1157 2311 1198 a
2350 1134 2360 1216 Ι
2400 1137 2577 1212 vini8‚
2637 1138 2906 1199 Claudiae
2954 1139 2965 1221 Ι

408 1243 603 1303 Phiale
645 1241 842 1320 coiugi
885 1238 1043 1322 sulae
1084 1241 1492 1302 benemerenti
1532 1237 1542 1322 Ι
1583 1240 1740 1302 fecit.

575 1341 772 1393 Romae
809 1334 915 1400 (VJ
941 1342 1094 1392 3062.
1126 1343 1260 1392 9092
1295 1341 1432 1391 uidit
1467 1341 1723 1404 Henzen).

576 1576 745 1646 1795
812 1578 998 1639 Genio
1040 1576 1050 1658 Ι
1091 1578 1254 1639 Coeti
1301 1578 1642 1638 Herodian.¹
1697 1575 1706 1659 Ι
1748 1588 2174 1657 praegustator.
2217 1577 2228 1659 Ι
2266 1577 2400 1640 divii
2449 1587 2577 1647 (sic)
2627 1579 2899 1657 Augusti,
2951 1576 2961 1661 Ι

401 1682 557 1742 idem
601 1690 803 1760 postea
848 1680 1056 1742 vilicus
1111 1680 1173 1740 in
1211 1676 1222 1761 Ι
1264 1679 1449 1741 bortis
1505 1680 1897 1753 SallustianiS‚
1948 1679 1958 1763 Ι
2010 1680 2260 1741 decessit
2316 1700 2459 1741 non.
2518 1679 2795 1758 Augustis
2832 1675 2843 1760 Ι
2884 1680 2959 1741 Μ.

404 1783 647 1844 Cocceio
697 1783 880 1843 Nerva
921 1781 930 1864 Ι
972 1784 1032 1842 C.
1083 1782 1249 1842 Vibio
1295 1782 1512 1843 Rufino
1551 1781 1561 1864 Ι
1601 1781 1768 1854 cos·²‚
1809 1782 1817 1862 Ι
1858 1781 2002 1842 Iulia
2048 1781 2242 1841 Prima
2288 1791 2540 1861 patrono
2586 1801 2715 1843 suo.

571 1881 767 1933 Romae
803 1882 910 1942 (VI
936 1885 1067 1934 90θὸ
1102 1883 1388 1946 aliquoties
1424 1881 1689 1946 descripta
1725 1897 1863 1933 saec.
1898 1880 2182 1944 XVJXVI).
2220 1909 2285 1918 -—·
2329 1884 2374 1942 1)
2402 1880 2589 1933 Coetus
2624 1884 2712 1932 hic
2740 1882 2962 1932 Herodis

399 1969 631 2018 alicuius
677 1969 760 2019 vel
809 1981 992 2016 servus
1035 1963 1148 2026 suit
1205 1971 1363 2016 antea
1412 1981 1570 2031 quam
1607 1968 1842 2030 Augusti
1886 1970 2043 2027 esset,
2093 1968 2188 2014 aul
2222 1964 2484 2017 alumnus.
2521 1994 2588 2003 —
2625 1968 2675 2030 2)
2713 1965 2963 2017 Consules

397 2056 456 2104 lu·
487 2051 662 2114 fasces
697 2055 950 2118 ceperunt
983 2067 1092 2102 uon
1125 2051 1354 2101 mullum
1388 2055 1513 2100 aule
1541 2066 1597 2115 p.
1646 2050 1736 2103 Cla.
1770 2052 1840 2102 45
1876 2050 2117 2101 kalendis
2151 2049 2305 2099 Iuliis
2343 2047 2442 2114 (esi
2479 2050 2583 2102 Μο.
2635 2050 2959 2116 Kar-respon-

397 2138 668 2188 denzblalt
701 2137 797 2187 der
835 2136 1268 2189 Wesldeulaeclten
1303 2135 1563 2186 zeitschr.
1598 2137 1646 2196 7,
1682 2136 1815 2186 4888
1842 2152 1900 2201 p.
1932 2137 2044 2202 58).

565 2288 736 2358 1796
800 2291 887 2352 dis
938 2290 1213 2352 manibus
1265 2291 1274 2366 Ι
1324 2289 1412 2350 Ti.
1472 2288 1673 2350 Claudi
1726 2291 1874 2369 Aug.
1922 2289 2020 2350 lib.
2061 2287 2071 2369 Ι
2125 2289 2338 2350 Zosimi
2397 2299 2693 2368 procurat.
2734 2287 2745 2371 Ι
2784 2309 2956 2371 prae·

391 2405 781 2473 gustatorum‚
810 2389 820 2476 Ι
847 2391 1080 2454 Claudia
1104 2392 1317 2453 Entole
1341 2392 1603 2453 coniunx
1630 2387 1640 2474 Ι
1666 2391 1790 2452 viro
1814 2391 2223 2453 benemerenti
2253 2387 2263 2473 Ι
2291 2401 2351 2452 et
2373 2391 2609 2453 Claudia
2634 2393 2959 2473 Eustachys

391 2497 506 2574 tilia
545 2495 556 2578 Ι
595 2496 746 2576 patri
790 2494 1177 2576 pientissimo.

563 2593 778 2659 Romae,
811 2611 955 2645 nunc
988 2594 1304 2644 Florentiae
1341 2592 1450 2658 (VJ
1478 2594 1615 2644 9005
1651 2593 1789 2643 vidit
1823 2593 2078 2659 Henzen).

564 2746 734 2815 1797
798 2749 888 2810 dis
928 2749 1200 2810 manibus
1236 2746 1248 2830 Ι
1289 2748 1600 2829 Chrysaori
1645 2748 1794 2826 Aug.
1844 2747 1942 2808 lib.
1987 2749 2434 2827 praegustatori,
2476 2746 2487 2831 Ι
2524 2749 2954 2822 benemerenti,

390 2849 400 2933 Ι
436 2851 746 2929 collegium
773 2846 783 2933 Ι
810 2859 1325 2931 praegustatorum
1358 2846 1368 2933 Ι
1401 2849 1570 2926 fecit3
1602 2846 1864 2933 curavit}
1900 2849 2193 2910 Eridanus
2223 2851 2372 2928 Aug.
2404 2849 2505 2911 lib.
2542 2847 2550 2931 Ι
2583 2861 2952 2929 procurator.

563 2950 761 3001 Romae
797 2950 905 3016 (VI
931 2952 1064 3002 9004
1100 2952 1240 3002 vidit
1272 2952 1337 3002 de
1372 2949 1567 3014 Bassi).

565 3100 737 3171 1798
800 3106 867 3165 Τ.
915 3106 1115 3167 Aelius
1174 3107 1321 3185 Aug.
1384 3101 1484 3165 lib.
1532 3102 1868 3164 Primitivus
1905 3104 1915 3186 Ι
1956 3102 2380 3183 archimagirus
2436 3102 2543 3186 etl
2596 3106 2757 3167 Aelia
2801 3109 2949 3188 Aug.

390 3206 488 3267 lib.
535 3206 732 3287 Tyche
777 3207 1040 3269 coniunx
1078 3204 1089 3288 Ι
1126 3207 1402 3268 fecerunt
1444 3205 1556 3267 sibi
1603 3213 1662 3265 et
1702 3205 1858 3279 suis,
1915 3204 2014 3266 lib.
2061 3205 2468 3285 libertabusq.¹
2520 3207 2529 3286 Ι
2583 3210 2950 3289 posterisque

388 3327 611 3370 eorum.
652 3305 666 3390 Ι
704 3309 978 3370 Custodia
1009 3309 1360 3370 monimenti
1403 3306 1771 3369 inhabitandi
1805 3327 1881 3366 ne
1917 3308 2050 3385 quis
2095 3304 2467 3389 interfldicere
2512 3309 2688 3371 vellit.
2778 3312 2952 3383 Quod

385 3409 433 3470 si
480 3429 655 3472 nemo
688 3412 760 3471 de
804 3412 915 3472 hac
945 3411 1229 3471 memoria
1275 3421 1478 3472 nostra
1518 3408 1529 3491 Ι
1568 3409 1847 3482 extiterit,
1892 3410 2195 3488 pertinere
2238 3409 2477 3472 debebit
2520 3413 2589 3472 ad
2637 3412 2948 3493 collegium

384 3529 664 3574 cocorum
705 3512 715 3593 Ι
754 3514 904 3592 Aug.
949 3504 1034 3587 n..
1076 3511 1233 3591 quod
1280 3512 1548 3574 consistit
1593 3511 1655 3572 in
1696 3511 1935 3572 Palatio.
2013 3511 2185 3582 Quod
2218 3531 2413 3591 neque
2457 3512 2665 3574 donari
2692 3513 2715 3595 Ι
2757 3535 2951 3594 neque

385 3615 571 3675 veniri
627 3622 752 3688 (sic)
811 3614 1227 3693 promittimus.
1313 3614 1536 3685 Quodsi
1584 3613 1715 3692 quis
1759 3621 1966 3673 contra
2004 3610 2013 3692 Ι
2053 3614 2242 3692 legem
2299 3634 2347 3674 S.
2402 3596 2448 3675 ε.
2506 3615 2744 3691 fecerit,
2813 3617 2950 3679 dare

394 3706 632 3776 debebit
677 3716 934 3795 corpori,
983 3715 1084 3793 qui
1127 3725 1268 3776 sunt
1305 3713 1315 3797 Ι
1354 3716 1416 3776 in
1463 3716 1572 3775 hac
1616 3714 1948 3789 stationem,
1982 3711 2104 3775 fis
2136 3714 2202 3774 L.
2246 3734 2325 3775 m.
2373 3716 2459 3775 u.²

556 3812 754 3865 Romae
796 3831 909 3880 rep.
952 3818 1109 3865 extra
1139 3818 1358 3880 portam
1392 3815 1650 3880 Appiam,
1688 3830 1833 3865 nunc
1879 3816 1939 3865 in
1982 3830 2163 3865 museo
2201 3814 2466 3867 Vaticano
2517 3814 2621 3882 (VI
2650 3816 2782 3868 7438
2818 3818 2954 3868 vidit

385 3899 640 3963 Henzen).
700 3898 905 3951 Similis
926 3904 1007 3950 est
1030 3901 1218 3951 lilulus
1241 3900 1381 3950 alter
1405 3899 1638 3950 eiusdem
1661 3900 1935 3951 fflmilivi
1967 3902 2344 3965 archimagiri,
2378 3902 2503 3950 ilem
2525 3906 2770 3966 repertus
2791 3906 2951 3953 extr-a

378 3987 595 4049 partam
639 3985 900 4051 Appiam,
946 4001 1090 4036 nune
1134 3986 1193 4035 in
1238 3985 1459 4036 aedibus
1509 3983 1957 4035 Lateranensibm
2004 3985 2109 4051 (VI
2138 3986 2312 4051 8750).
2347 4014 2414 4024 —
2466 3988 2514 4050 1)
2561 3986 2625 4035 In
2671 3987 2825 4036 tilulo
2874 3985 2958 4036 V!

380 4066 512 4119 8730
538 4086 647 4135 pro
684 4070 767 4123 leis
799 4072 974 4121 verbis
1010 4069 1161 4137 (inde
1194 4087 1228 4121 a
1263 4069 1408 4121 Aelia
1446 4071 1577 4134 Aug.
1614 4068 1702 4122 lib.
1728 4067 1926 4137 Tyche)
1961 4072 2130 4121 erasis
2161 4072 2454 4121 substituta
2475 4074 2603 4120 sunt
2634 4073 2792 4122 haee:
2827 4070 2951 4122 fecit

382 4153 529 4205 Aelia
554 4152 733 4222 Tyche
770 4159 823 4206 et
856 4154 954 4206 sibi
991 4159 1044 4207 et
1066 4155 1243 4207 Aeliae
1268 4153 1547 4221 Tyrannidi
1585 4154 1789 4221 coniugi
1827 4160 1880 4206 et
1903 4153 2100 4206 libertis
2135 4154 2468 4222 libertabusq.
2492 4155 2620 4206 meis
2645 4155 2728 4207 vel
2769 4154 2946 4206 Aeliae

385 4236 712 4305 Tyrannidis.
750 4267 815 4277 —
854 4242 907 4302 2)
944 4240 1006 4289 In
1045 4241 1202 4291 tilulo
1240 4239 1320 4291 VI
1348 4241 1480 4290 8750
1516 4238 1763 4289 clausula
1812 4240 1941 4290 liaeo
1974 4242 2052 4289 ila
2089 4240 2316 4304 legitur.-
2361 4240 2402 4292 si
2442 4239 2687 4290 adversus
2724 4253 2782 4290 ea
2831 4238 2947 4306 quis

385 4320 596 4388 fecerit,
644 4337 842 4389 poenae
879 4324 1083 4376 nomine
1120 4324 1251 4376 seret
1295 4339 1441 4376 arcae
1478 4338 1716 4377 cocorum
1745 4320 1845 4374 ‘ll-S·
1872 4324 1923 4376 L.
1963 4340 2027 4376 m.
2067 4340 2140 4389 n.,
2185 4330 2269 4375 ate
2308 4323 2431 4389 (sic)
2470 4339 2532 4374 ex
2569 4322 2737 4375 usuris
2772 4337 2947 4375 eorum

382 4404 669 4459 celebretur
704 4424 800 4460 suo
836 4424 991 4475 quoq.
1028 4423 1178 4461 anno.

552 4539 721 4612 1799
785 4546 1002 4607 Zethus
1046 4545 1356 4607 Marcellae
1394 4543 1404 4630 Ι
1442 4546 1720 4608 minoris¹
1770 4564 1968 4607 cocus.

553 4642 751 4695 Romae
782 4645 1038 4710 (V18755
1062 4646 1201 4696 vidit
1222 4646 1477 4709 Henzen).
1501 4673 1571 4684 —
1614 4648 1656 4709 1)
1680 4646 1781 4697 Eel
1812 4646 1982 4695 altera
2006 4644 2248 4705 filiarum
2286 4644 2536 4695 Octauiae
2562 4649 2616 4695 et
2650 4644 2701 4697 C.
2731 4644 2948 4696 Claudii

383 4726 643 4792 Marcelli,
681 4731 747 4781 de
780 4733 972 4796 quibus
1006 4728 1076 4791 ef.
1115 4729 1169 4781 C.
1207 4728 1288 4780 V!
1312 4745 1366 4795 p.
1398 4733 1510 4781 909.
