3432 5387
463 322 585 381 294
1598 324 1779 392 Caput
1811 323 1877 377 V.

631 495 804 566 132⁰
869 499 958 560 dis
1013 498 1283 561 manibus
1341 517 1572 560 sacrum
1625 497 1634 580 Ι
1675 500 1736 561 C.
1786 497 1988 559 Caesio
2035 497 2105 569 Q.
2156 500 2195 558 f.
2242 498 2377 558 Ter.
2424 498 2589 577 Nigr.
2641 494 2652 580 Ι
2702 516 2773 559 ex
2829 499 3027 577 prima

462 600 871 670 admissione¹‚
912 598 922 680 Ι
961 619 1031 661 ex
1077 595 1403 686 qua[t]tuor
1446 599 1732 674 decuris¹‚
1773 600 1782 678 1
1821 601 1987 661 curio
2019 602 2234 661 minor.
2278 596 2286 678 Ι
2327 599 2525 661 Caesia
2558 599 2619 661 C.
2653 600 2691 660 l.
2726 600 2977 662 Theoris
3010 599 3023 684 Ι

507 712 717 762 atrono
807 711 866 762 et
906 703 1037 763 sibi.

462 722 500 782 p
632 703 825 853 Bom'ae
877 802 984 867 (VI
1013 804 1144 854 2469
1185 803 1345 852 semel
1387 805 1645 853 iterumve
1694 803 1963 868 descripta
2008 816 2145 852 saec.
2195 801 2360 868 XVI).
2405 830 2476 840 —
2524 805 2570 866 1)
2621 802 2854 866 [Titulus
2898 819 3021 856 cum

456 891 663 954 positus
694 891 768 938 sit
807 891 984 938 aetate
1018 890 1255 952 Augusti
1288 886 1374 937 vel
1411 885 1612 937 Tiberii
1647 889 1798 948 (nam
1839 887 1892 939 C.
1931 887 2125 939 Caesar
2160 889 2402 953 quintam
2452 888 2728 958 decuriam
2765 889 3026 953 addidit),

459 974 602 1023 hunc
635 972 871 1037 Nigrum
907 972 1188 1038 significat
1221 973 1382 1023 alteri
1414 974 1530 1022 utri
1561 970 1733 1032 fuisse
1768 976 1995 1023 amicum
2030 975 2241 1039 primae
2277 972 2618 1023 admissionis
2652 972 2848 1038 (Mo.)].

1344 1297 1710 1371 Praefecti
1762 1297 2142 1394 praetorio,

631 1446 796 1517 1321
867 1449 1126 1510 Vasiens.
1172 1448 1333 1509 νόει.ι
1375 1449 1384 1529 Ι
1425 1455 1708 1529 patrone,
1761 1447 1772 1530 Ι
1812 1450 1943 1510 Sex.
1991 1450 2230 1510 Afranio
2278 1450 2411 1510 Sex.
2459 1451 2497 1510 s.
2539 1448 2550 1530 Ι
2590 1450 2738 1511 Volt.
2785 1449 3017 1533 Buri-cl

460 1551 598 1612 trib.
647 1551 785 1624 mil„
832 1568 997 1630 proc.
1045 1549 1407 1634 Augusltae¹‚
1463 1571 1627 1632 proc.
1677 1551 1767 1612 Ti.
1815 1550 2062 1622 Caesar„
2106 1548 2116 1632 Ι
2154 1570 2318 1631 proc.
2364 1552 2475 1613 divi
2523 1551 2746 1627 Claudi,
2786 1549 2797 1636 Ι
2836 1555 3019 1633 praes.

460 1647 826 1737 prafe]t01·i³‚
874 1648 1308 1738 orna}m[ent]is
1353 1654 1648 1715 consular.

632 1752 867 1803 Vasione
892 1753 1144 1817 (Vaison)
1178 1757 1493 1818 provinciae
1515 1753 1883 1804 Narbonensis
1916 1768 2027 1819 rep.
2056 1753 2187 1813 (XII
2203 1757 2337 1805 5842
2368 1753 2674 1815 Hirschfeld
2704 1754 2844 1805 vidit
2881 1759 3024 1821 ecty-

449 1844 629 1904 pum).
660 1866 732 1875 —
772 1840 819 1901 1)
858 1837 1138 1888 Vasienses
1165 1840 1434 1892 Vocontii.
1472 1868 1537 1877 ——
1575 1841 1625 1902 2)
1651 1837 1991 1903 Intellegitur
2014 1837 2189 1890 Livia.
2222 1867 2293 1876 -—
2329 1842 2379 1902 3)
2404 1839 2715 1901 Praefectus
2745 1844 3022 1906 praetorio

455 1921 568 1983 fuit
597 1921 869 1983 Afranius
891 1923 1104 1974 Burrus
1139 1942 1188 1974 a.
1213 1925 1415 1976 54-62
1451 1927 1480 1986 (
1479 1924 1548 1986 cf.
1576 1920 1884 1983 Hirschfeld
1906 1924 1963 1975 V
1956 1923 2460 1989 emoaltungsgesch.
2480 1941 2535 1991 p.
2559 1927 2681 1986 220,
2707 1925 2816 1989 42).
2884 1925 3024 1977 Eum

455 2023 564 2058 non
599 2008 770 2059 solum
805 2012 1097 2071 patronum
1124 2006 1464 2059 Vasiensium
1499 2008 1685 2073 fuisse,
1721 2009 1815 2059 sed
1850 2011 2011 2060 etiam
2049 2008 2338 2059 oriundum
2365 2009 2600 2061 Vasione
2636 2028 2705 2062 ex
2730 2014 2875 2062 tribu
2902 2011 3026 2063 Vol-

458 2095 598 2143 tinia
636 2093 859 2157 collegit
894 2090 1217 2152 Hirschfeld.

633 2229 801 2300 1322
869 2233 909 2293 1.
959 2251 1012 2293 0.
1061 2250 1136 2292 m.
1177 2230 1187 2314 Ι
1229 2233 1290 2294 C.
1339 2230 1741 2314 Nymlphidius
1780 2231 1790 2313 Ι
1831 2232 2086 2294 Sabinus
2124 2229 2132 2314 Ι
2178 2227 2456 2318 [pr]ae[f.]
2488 2278 2503 2294 .
2538 2279 2551 2294 .
2588 2279 2602 2294 .
2637 2279 2651 2293 .

625 2334 796 2397 Prope
820 2333 1188 2398 Brigetionem
1215 2333 1476 2394 (1114269
1508 2333 1669 2383 semel
1701 2333 1966 2398 descripta
2000 2349 2138 2384 saec.
2162 2332 2383 2396 XVIII).
2409 2363 2477 2372 —
2506 2334 2569 2384 In
2606 2338 2757 2385 tanta
2792 2337 3030 2385 nominis

455 2415 779 2483 Nymphidii
811 2421 1059 2483 raritate,
1103 2434 1222 2469 cum
1257 2418 1476 2469 accedat
1510 2434 1618 2468 non
1653 2418 1826 2469 solum
1863 2419 2055 2470 Sabini
2089 2433 2408 2482 cognomen,
2455 2418 2550 2469 sed
2582 2422 2743 2469 etiam
2780 2419 2833 2469 C.
2868 2435 3033 2485 prae-

454 2518 663 2566 nomen,
693 2501 973 2567 probabile
1008 2508 1085 2553 est
1113 2504 1254 2554 hunc
1277 2520 1384 2553 esse
1411 2503 1464 2554 C.
1490 2502 1880 2570 Nymphidium
1905 2503 2166 2555 Sabinum
2201 2503 2291 2565 (de
2323 2507 2672 2568 praenomine
2710 2508 2922 2554 constat
2956 2521 3029 2555 ex

455 2590 494 2637 t.
523 2586 772 2651 716621)
794 2585 1130 2652 praefectum
1149 2591 1425 2655 praetorio
1451 2586 1721 2650 Neronis,·
1755 2591 1804 2637 is
1823 2593 2002 2654 potest
2025 2591 2083 2638 in
2109 2589 2443 2638 Pannoniam
2479 2590 2681 2640 venisse
2715 2586 3029 2653 praefectus

455 2671 589 2723 alae.
656 2672 852 2724 Servus
887 2675 1001 2724 eius
1035 2677 1351 2725 nominatur
1385 2676 1444 2724 in
1480 2673 1637 2724 titulo
1673 2675 1886 2724 urbano
1926 2673 2002 2725 VI
2023 2673 2170 2726 6621.

623 2807 795 2878 1323
861 2811 949 2871 Ti.
999 2811 1238 2873 Claudio
1280 2809 1288 2894 Ι
1327 2811 1570 2872 Liviano
1617 2831 1706 2892 pr.
1754 2830 1864 2891 pr„
1906 2808 1916 2892 Ι
1954 2812 2143 2872 amico
2189 2812 2432 2891 optimo.

623 2909 822 2961 Romae
858 2912 963 2972 (VI
997 2912 1120 2963 1604
1155 2912 1295 2963 vidit
1331 2912 1660 2977 Mommsen).
1694 2942 1764 2950 —
1801 2910 2056 2963 Claudius
2093 2909 2353 2962 Livianus
2397 2910 2705 2977 praefectus
2737 2914 3015 2977 praetorio

453 2993 569 3054 fuit
605 2995 873 3045 Hadriani
906 2996 1037 3055 (Dio
1059 3000 1141 3062 68,
1163 3001 1229 3060 9,·
1264 2999 1376 3047 vita
1415 2997 1579 3049 Hadr.
1604 3000 1634 3048 4
1671 3012 1791 3048 cum
1826 2996 2192 3047 emendatione
2228 2994 2584 3057 Hirschfeldii
2607 2997 2785 3048 Verw.
2804 3011 2861 3061 p.
2886 2996 3029 3060 224,-

456 3078 529 3140 cf.
571 3079 650 3131 VI
666 3079 777 3131 748.
813 3080 1115 3133 XW5439.
1138 3082 1283 3143 4091,
1309 3084 1421 3145 30).

632 3214 804 3285 1324
869 3219 940 3291 Q.
977 3220 1195 3281 Marcio
1235 3219 1504 3281 Turboni
1546 3218 1554 3300 Ι
1593 3220 1889 3281 Frontoni
1921 3221 2188 3282 Publicio
2227 3217 2237 3300 Ι
2278 3220 2513 3280 Seven-0¹
2564 3220 2745 3298 praef.
2793 3228 2980 3298 praet.
3016 3215 3026 3301 Ι

463 3321 604 3399 imp.
654 3320 916 3382 Caesaris
961 3321 1198 3382 Traiani
1238 3320 1249 3401 Ι
1289 3321 1570 3382 Hadriani
1602 3322 1849 3403 Augusti
1896 3342 1955 3401 p.
2002 3341 2083 3401 p.‚
2125 3319 2134 3403 Ι
2174 3321 2368 3382 colon.
2406 3320 2537 3401 Ulp.
2570 3321 2802 3381 Traian.
2834 3320 2983 3398 Aug.
3015 3318 3025 3402 Ι

458 3423 668 3484 Dacica
716 3423 1167 3503 Sarmizegetus.

579 3530 586 3539 ‘
632 3525 1096 3588 Sarmizegetusae
1129 3527 1189 3575 in
1212 3525 1385 3574 Dacia
1412 3524 1517 3585 (III
1539 3524 1712 3587 4462).
1741 3552 1807 3560 -
1839 3526 1887 3587 1)
1918 3524 2190 3574 Hadriani
2223 3526 2425 3574 amicus
2459 3526 2513 3573 et
2538 3521 2849 3588 praefectus
2870 3538 3030 3588 prae·

461 3610 603 3658 torio
642 3609 759 3674 (vit.
797 3609 959 3660 Hadr.
994 3612 1043 3660 5.
1079 3594 1138 3660 6.ι
1159 3610 1205 3660 7.
1240 3612 1289 3661 9.
1325 3610 1424 3671 45,·
1470 3609 1577 3659 Dio
1612 3611 1694 3673 69,
1730 3608 1825 3670 48,·
1860 3608 2069 3659 Fronto
2106 3608 2180 3658 ad
2212 3608 2339 3659 Ant.
2375 3608 2529 3658 Pium
2562 3609 2600 3659 3
2632 3624 2684 3674 p.
2722 3610 2819 3660 465
2853 3606 3030 3671 [vab-,-

459 3693 721 3744 Eusebius
757 3696 878 3746 hist.
915 3695 1036 3746 eccl.
1072 3697 1120 3756 4,
1155 3696 1234 3758 2).
1305 3695 1560 3747 Eiusdem
1594 3693 1706 3755 fuit
1743 3694 1934 3744 titulus
1975 3692 2287 3744 Tiburtinus
2320 3692 2453 3744 XIV
2466 3694 2618 3745 4245.

629 3828 798 3899 1325
864 3832 939 3892 Μ.
988 3832 1164 3894 Gavio
1211 3833 1288 3893 M.
1336 3833 1375 3891 f.
1418 3829 1428 3912 Ι
1468 3832 1647 3892 Palat.
1694 3832 1946 3893 Maximo
1989 3829 1997 3912 Ι
2037 3832 2221 3911 praes.
2271 3831 2498 3910 praet.¹‚
2550 3830 2561 3913 Ι
2615 3830 3030 3892 consularibus

463 3929 879 4017 ornalmentis²
924 3946 1154 4009 ornato,
1184 3934 1190 4015 Ι
1218 3936 1307 3997 Ti.
1342 3933 1618 3995 Claudius
1644 3931 1651 4014 Ι
1677 3934 1913 3996 Firmus
1952 3954 2011 4014 p.
2045 3953 2103 4012 p.
2145 3932 2153 4014 Ι
2195 3952 2263 3993 ex
2296 3932 2689 3993 cornicular.³
2728 3928 2738 4012 Ι
2777 3932 2981 4011 ipsine,
3016 3927 3027 4014 Ι

628 4136 811 4187 Firmi
833 4137 1018 4186 Piceni
1042 4134 1147 4196 (IX
1162 4138 1304 4188 5358
1325 4152 1463 4188 saec.
1487 4136 1619 4189 XVI
1647 4140 1865 4188 ineunte
1901 4134 2063 4185 semel
2097 4136 2179 4185 vel
2213 4135 2294 4184 bis
2329 4133 2640 4199 descripta).
2666 4161 2731 4170 —
2761 4136 2811 4196 1)
2843 4133 3031 4183 Eidem

462 4220 697 4271 dedicati
730 4225 858 4272 sunt
885 4226 1168 4286 praeterea
1211 4220 1394 4272 Firmi
1431 4223 1577 4273 tituli
1610 4220 1685 4272 IX
1718 4223 1872 4273 5559.
1894 4222 2029 4272 5560
2063 4220 2273 4284 mutili,
2316 4217 2551 4269 Treviris
2584 4218 2884 4270 Brambach
2918 4218 3033 4282 798,

463 4306 655 4357 Solvae
688 4311 747 4357 in
783 4305 986 4357 Norico
1029 4307 1110 4356 III
1138 4307 1296 4358 5528.
1368 4305 1678 4365 Praefectus
1720 4308 2001 4371 praetorio
2047 4301 2159 4364 fuit
2202 4307 2298 4354 sub
2335 4305 2430 4355 Pio
2468 4319 2570 4370 per
2616 4319 2787 4354 annos
2830 4305 3033 4367 viginti

460 4392 585 4451 (vit.
622 4393 707 4442 Pii
727 4394 778 4453 8,
801 4391 855 4455 7)
894 4395 1036 4441 certe
1071 4395 1231 4442 annis
1266 4392 1380 4443 459.
1415 4391 1523 4444 440.
1559 4392 1674 4443 442.
1711 4392 1827 4454 445,
1874 4391 2093 4440 testibus
2143 4389 2314 4439 titulis
2342 4392 2539 4454 positis
2571 4405 2605 4439 a
2640 4388 2901 4439 militibus
2936 4403 3029 4438 ur-

460 4477 614 4525 banis
647 4475 800 4534 infra
836 4475 1007 4527 editis.
1083 4477 1331 4527 Occurrit
1365 4478 1527 4526 etiam
1563 4474 1712 4540 apud
1745 4474 2078 4524 Frontonem
2111 4472 2212 4534 (ad
2244 4473 2373 4525 Ant.
2404 4474 2558 4523 Pium
2581 4475 2628 4535 4,
2650 4490 2706 4539 p.
2733 4473 2826 4524 ⁴67
2849 4470 3029 4533 Nau).

460 4587 526 4595 —
578 4560 629 4623 2)
663 4559 745 4608 De
791 4564 1122 4611 ornamentis
1169 4560 1542 4611 consularibus
1582 4557 1987 4626 praefectorum
2029 4560 2308 4623 praetorio
2348 4557 2434 4607 Pii
2477 4556 2549 4618 cf.
2598 4561 2693 4609 vit.
2729 4558 2813 4607 Pii
2847 4557 2925 4609 ⁴0.
2961 4582 3028 4592 —

465 4646 519 4707 3)
554 4643 918 4707 primipilaris
953 4663 1022 4696 ea.-
1057 4645 1440 4699 corniculario.
