3432 5387
931 429 1101 483 Tituli
1136 428 1379 484 virorum
1414 431 1799 486 nonnullorum
1834 430 1893 485 in
1927 430 2123 486 litteris
2160 431 2447 486 clarorum.
2837 429 2960 491 573

409 627 571 670 anno
602 607 671 667 ad
706 602 1071 688 aedillitatem
1105 615 1396 685 promoto,
1427 605 1604 667 Xviro
1643 603 1654 687 Ι
1691 605 1971 667 sttlitibus
2001 606 2347 680 iudicandis,
2380 607 2599 669 oratori
2638 605 2647 689 Ι
2687 608 2955 680 maximo,

411 707 421 793 Ι
484 709 836 783 decuriones
894 716 953 768 et
1010 706 1177 787 plebs
1233 708 1501 768 coloniae
1557 704 2008 791 Asculalnorum
2072 719 2318 789 propter
2374 710 2796 771 humanitatem
2855 709 2961 771 ab·

404 811 765 872 stinentiam.
870 814 958 882 (In
1014 816 1207 884 lacere)
1268 827 1410 871 cura
1469 809 1828 893 agentibus!
1880 811 2120 872 Aetrilio
2179 811 2483 874 Prisciano
2529 810 2634 895 etl
2686 813 2958 875 Tettieno

405 912 680 974 Proculo.

574 1011 772 1063 Romae
817 1009 925 1076 (VJ
964 1011 1088 1062 4544
1135 1014 1348 1076 saepius
1394 1011 1660 1078 descripta
1703 1028 1841 1063 saec.
1888 1012 2055 1079 XVI).
2126 1012 2333 1065 Similis
2376 1017 2456 1064 est
2497 1013 2579 1066 VJ
2617 1016 2748 1067 4342
2794 1015 2961 1066 eidem

406 1098 614 1148 homini
662 1096 908 1147 dedicata
958 1098 1022 1146 ab
1070 1098 1438 1150 Anconitanis.
1476 1125 1538 1133 —
1579 1100 1625 1162 1)
1673 1097 1828 1149 Hune
1874 1102 1984 1149 nisi
2026 1097 2198 1159 fallor
2243 1101 2645 1151 Aristaenetum
2694 1104 2963 1152 oratorem

402 1186 663 1232 memorat
696 1182 1058 1232 Philostratus
1093 1184 1187 1233 vit.
1222 1184 1371 1246 soph.
1406 1184 1462 1243 2,
1497 1182 1575 1234 44.
1637 1181 1720 1243 Cf.
1758 1199 1893 1249 quae
1931 1187 2156 1250 exposui
2191 1185 2367 1237 Herm.
2403 1186 2472 1236 24
2502 1201 2557 1251 p.
2593 1185 2706 1240 458.

573 1317 744 1387 2935
812 1318 878 1379 L.
925 1318 1108 1378 Mario
1154 1319 1220 1379 L.
1266 1319 1304 1379 f.
1353 1319 1519 1390 Quir.
1573 1317 1582 1401 Ι
1633 1320 1885 1382 Maximo
1930 1322 2226 1401 Perpetuo
2278 1319 2290 1403 Ι
2342 1323 2690 1384 Aureliano¹
2737 1323 2900 1397 cos.²,
2952 1318 2960 1403 Ι

403 1422 695 1484 sacerdoti
740 1420 950 1493 fetiali,
1013 1420 1125 1498 leg.
1172 1422 1357 1501 Augg.
1414 1440 1507 1501 pr.
1553 1441 1643 1502 pr.
1698 1425 1707 1499 Ι
1756 1425 2023 1501 provinc.
2071 1424 2272 1505 Syriae
2318 1423 2557 1497 Coelae,
2617 1425 2727 1506 leg.
2773 1426 2961 1504 Augg.

403 1542 495 1604 pr.
523 1542 613 1603 pr.
655 1518 665 1605 Ι
705 1523 969 1602 provinc.
995 1522 1343 1583 Germaniae
1368 1525 1683 1597 inferioris,
1716 1525 1853 1585 item
1895 1525 1903 1606 Ι
1941 1527 2206 1605 provinc.
2232 1525 2521 1604 Belgicae,
2553 1528 2687 1587 duci
2719 1528 2961 1589 exerciti

407 1631 536 1698 (sie)
569 1623 822 1708 Mysiaflci
861 1637 1003 1706 aput
1033 1626 1374 1706 Byzantium
1423 1634 1481 1685 et
1508 1636 1648 1704 aput
1678 1627 2075 1706 Lugudunum
2090 1628 2129 1701 ³,
2169 1626 2180 1710 Ι
2221 1629 2332 1707 leg.
2368 1629 2478 1707 leg.
2513 1628 2537 1688 Ι
2568 1629 2792 1703 Italic.⁴,
2837 1648 2962 1691 cur.

408 1726 532 1785 viae
575 1726 850 1801 Latinae,
904 1728 913 1808 Ι
964 1728 1101 1789 item
1161 1729 1309 1807 reip.
1356 1728 1848 1801 Faventinorum,
1907 1729 2115 1791 allecto
2176 1727 2348 1812 inlter
2406 1732 2767 1810 praetorios,
2826 1732 2961 1793 trib.

407 1827 568 1907 pleb.
601 1829 926 1905 candidato,
966 1829 977 1913 Ι
1018 1831 1313 1909 quaestori
1345 1829 1595 1904 urbano,
1642 1830 1777 1890 trib.
1811 1831 1983 1892 laticl.
2016 1833 2127 1912 leg.
2170 1829 2178 1915 Ι
2218 1832 2376 1893 XXlI
2410 1833 2667 1914 Primig.,
2713 1836 2849 1896 item
2885 1835 2961 1895 111

410 1929 661 2003 Italicae,
703 1929 712 2010 Ι
751 1931 858 1991 ΙΙΙΙ
909 1937 1035 2004 (sic)
1081 1932 1303 1993 viarum
1352 1934 1769 2006 curandarum,
1822 1934 1831 2013 Ι
1882 1934 1957 1994 Μ.
2006 1934 2187 1995 lulius
2231 1936 2640 1999 Artemidorus
2678 1937 2688 2018 Ι
2728 1937 2840 2017 leg.
2884 1936 2964 1998 111

410 2030 778 2111 Cyrenaicae.

581 2132 750 2202 2936
816 2136 881 2197 L.
916 2137 1099 2197 Mario
1129 2137 1384 2198 Maximo
1424 2135 1434 2218 Ι
1473 2137 1768 2216 Perpetuo
1814 2137 2164 2198 Aureliano¹
2206 2136 2217 2218 Ι
2257 2156 2309 2199 c.
2347 2158 2420 2212 v.,
2465 2141 2649 2219 praes.
2674 2132 2906 2214 'urbis⁶,
2954 2137 2963 2221 Ι

407 2239 749 2316 proconsuli
807 2239 1073 2318 provinc.
1127 2242 1135 2313 Ι
1201 2241 1369 2301 Asiae
1427 2239 1695 2314 iterum⁶,
1756 2235 1767 2320 Ι
1825 2240 2169 2319 proconsuli
2230 2242 2495 2321 provinc.
2548 2240 2558 2321 Ι
2611 2240 2894 2314 Africae⁷,
2953 2240 2964 2323 Ι

408 2336 484 2398 Μ.
510 2338 693 2401 lulius
716 2340 952 2402 Cerialis
987 2337 995 2418 Ι
1028 2340 1330 2403 Maternus
1354 2360 1423 2402 ex
1448 2342 1661 2401 civitat.
1694 2340 1703 2420 Ι
1740 2340 2256 2418 Foroiuliensium,
2289 2355 2348 2417 Υ,
2389 2340 2398 2424 Ι
2438 2352 2689 2422 patrono
2721 2344 2966 2423 optimo.

577 2438 800 2503 Romae,
847 2443 996 2491 bases
1031 2442 1192 2502 duae,
1240 2455 1468 2506 quarum
1506 2440 1731 2489 alteram
1767 2446 1970 2491 constat
2003 2446 2269 2508 repertam
2318 2459 2426 2492 esse
2471 2446 2528 2493 in
2574 2449 2751 2494 monte
2788 2443 2963 2494 Caelio

412 2524 518 2587 (VI
550 2524 692 2576 4450.
743 2526 871 2576 4452
920 2525 1055 2575 vidit
1091 2525 1345 2591 Henzen).
1395 2553 1463 2562 —
1513 2526 1563 2588 1)
1608 2523 1861 2573 Eiusdem
1909 2524 2075 2575 Marii
2119 2525 2349 2576 Macrimi
2386 2531 2667 2591 praeterea
2714 2529 2965 2577 habemus

410 2611 558 2659 bases
601 2611 733 2660 duas
773 2613 1010 2660 urbanas
1048 2608 1153 2675 (VI
1184 2608 1325 2660 4454.
1361 2607 1544 2674 4453),
1592 2610 1642 2654 et
1676 2608 1823 2670 ipsas
1858 2614 2095 2672 repertas
2131 2612 2190 2658 in
2226 2615 2403 2659 monte
2439 2610 2640 2670 Caelio,
2685 2612 2779 2659 ubi
2814 2611 2968 2661 aedes

409 2695 577 2745 Marii
615 2696 850 2746 Maximi
883 2691 1051 2754 fuisse
1086 2695 1361 2754 videntur,
1407 2691 1762 2743 Ardeatinam
1808 2690 1883 2758 (X
1912 2693 2057 2754 6764)
2088 2695 2321 2758 positam
2368 2711 2417 2745 a.
2454 2697 2586 2756 223,
2640 2696 2966 2746 Veliternum

412 2778 487 2844 (X
505 2781 678 2846 6567),
711 2781 971 2830 mutilam.
1033 2779 1242 2831 Marius
1268 2777 1539 2829 Maximus
1571 2778 1667 2842 qui
1700 2779 1841 2826 vitas
1876 2782 2257 2842 imperatorum
2293 2781 2508 2844 scripsit
2531 2780 2669 2829 idem
2694 2795 2801 2828 esse
2825 2780 2965 2830 vide·

412 2870 516 2916 tur.
575 2865 664 2916 Ad
699 2867 933 2916 homines
958 2866 1187 2915 eiusdem
1211 2866 1398 2929 stirpis
1424 2865 1700 2928 pertinent
1725 2862 1874 2911 tituli
1894 2877 2058 2927 supra
2084 2861 2150 2914 N.
2178 2864 2317 2915 4465.
2341 2864 2479 2919 4466.
2504 2865 2652 2917 4389.
2713 2865 2965 2915 Eiusdem

410 2951 596 3016 stirpis
631 2949 743 3010 fuit
780 2949 988 3000 Marius
1021 2953 1312 3014 Perpetuus
1358 2948 1543 2999 consul
1587 2947 1700 2997 ord.
1744 2963 1793 2999 a.
1827 2947 1933 2998 237
1969 2945 2171 3013 (Herm.
2205 2949 2280 2999 22
2312 2967 2365 3015 p.
2401 2949 2544 3017 344).
2581 2978 2644 2986 -
2685 2953 2734 3014 2)
2773 2948 2971 3000 Consul

411 3033 522 3094 fuit
539 3035 794 3097 susle-ctus
811 3038 906 3085 sub
927 3035 1139 3096 Severo,
1165 3051 1272 3084 non
1293 3037 1417 3084 ante
1441 3049 1490 3083 a.
1511 3033 1604 3084 497
1628 3029 1726 3093 (cfi
1748 3032 2011 3097 Borghesi
2035 3050 2152 3099 opp.
2171 3035 2222 3097 ὅ,
2241 3036 2349 3095 464,
2375 3035 2501 3084 item
2525 3038 2634 3085 not.
2659 3036 2738 3098 3).
2798 3033 2966 3085 Multo

409 3125 594 3186 postea
635 3120 823 3170 consul
857 3123 1054 3170 iterum
1091 3119 1273 3180 factus
1309 3124 1399 3184 est,
1448 3118 1763 3168 ordinarius
1799 3134 1847 3169 a.
1884 3119 2007 3169 223.
2044 3146 2109 3154 -
2146 3121 2198 3181 3)
2234 3119 2366 3169 Dux
2413 3122 2681 3194 exercitus
2717 3119 2970 3171 Moesiaci

414 3205 562 3270 apud
598 3205 920 3272 Byzantium
956 3203 1068 3264 fuit
1103 3208 1190 3266 (ut
1211 3204 1349 3254 vidit
1371 3204 1696 3267 Borghesius
1720 3218 1839 3267 opp.
1862 3205 1914 3264 ὅ,
1939 3203 2082 3270 462),
2118 3218 2236 3253 cum
2262 3203 2587 3270 Byzantium
2624 3222 2656 3255 a
2681 3203 2966 3270 Nigrianis

417 3295 700 3351 teneretur,
737 3290 853 3340 dux
887 3291 1120 3341 eiusdem
1156 3290 1302 3356 apud
1326 3288 1664 3353 Lugdunum,
1702 3303 1821 3338 eum
1846 3288 2072 3338 Severus
2107 3304 2216 3338 non
2253 3289 2409 3353 longe
2445 3290 2509 3338 ab
2548 3288 2643 3339 illa
2680 3292 2809 3339 urbe
2845 3304 2963 3340 cum

417 3375 604 3426 Clodio
642 3376 836 3426 Albino
884 3376 1196 3438 confligeret
1241 3373 1314 3440 (a.
1351 3374 1487 3439 497).
1557 3372 1681 3423 Non
1719 3372 1885 3423 multo
1921 3377 2110 3439 postea
2147 3374 2361 3423 videtur
2396 3374 2584 3424 consul
2629 3371 2806 3433 factus
2841 3391 2966 3436 esse,

415 3465 558 3510 certe
602 3465 887 3526 antequam
927 3461 1266 3510 Germaniam
1309 3458 1594 3523 regendam
1640 3461 1948 3523 susciperet.
1985 3486 2049 3495 —
2086 3461 2138 3522 4)
2174 3457 2341 3524 Legio
2383 3464 2563 3524 prima
2609 3459 2799 3510 Italica
2836 3475 2971 3525 pars

414 3543 525 3605 fnit
568 3549 837 3597 exercitus
869 3547 1183 3612 provinciae
1223 3543 1484 3605 Moesiae;
1525 3558 1644 3592 cum
1680 3545 1841 3592 huius
1876 3543 2103 3608 legionis
2140 3545 2348 3608 leg-atus
2383 3549 2531 3608 esset,
2567 3545 2780 3595 videtur
2811 3562 2968 3610 prae-

412 3634 619 3695 positus
654 3647 760 3681 esse
793 3631 1234 3682 veoeinaeionibm
1271 3629 1542 3694 legionum
1576 3627 1824 3689 Moesiae,
1862 3627 1933 3688 cf.
1966 3644 2133 3693 supra
2155 3628 2223 3680 Ν.
2248 3629 2383 3682 4453
2417 3633 2525 3680 not.
2549 3631 2597 3691 4,
2623 3629 2746 3680 4447
2780 3635 2888 3681 not.
2915 3630 2963 3680 7.

413 3743 482 3754 -
519 3719 569 3781 5)
607 3714 918 3776 Praefectus
951 3718 1076 3766 urbi
1108 3718 1203 3765 sub
1238 3713 1482 3765 Macrino
1520 3713 1650 3774 (Dio
1684 3713 1766 3776 78,
1801 3712 1877 3764 44.
1901 3714 2011 3777 36).
2039 3741 2102 3749 -
2142 3715 2192 3778 6)
2228 3714 2525 3765 Proconsul
2554 3714 2719 3764 Asiae
2752 3718 2967 3779 iterum,

414 3801 475 3849 id
508 3805 583 3850 est
606 3805 671 3851 ut
690 3802 903 3852 videtur
922 3817 1023 3866 per
1046 3800 1177 3850 duos
1200 3815 1369 3849 annos
1393 3800 1691 3859 continuos,
1728 3794 1841 3856 fuit
1864 3797 2137 3848 Maximus
2164 3798 2444 3850 Caracalla
2473 3801 2531 3850 in
2556 3801 2686 3849 Asia
2722 3803 2967 3850 morante

416 3889 491 3944 (a.
514 3889 640 3939 circ.
658 3886 855 3954 24413),
892 3890 1019 3935 teste
1054 3884 1213 3934 titulo
1245 3883 1569 3950 Thyatireno
1607 3883 1731 3933 bull.
1769 3882 1834 3932 de
1858 3899 1997 3934 corr.
2025 3883 2142 3935 hell.
2168 3882 2245 3944 40,
2270 3884 2377 3935 447.
2400 3912 2469 3922 -
2495 3887 2544 3949 7)
2577 3883 2705 3934 Tam
2740 3883 2966 3944 Africae

415 3986 572 4034 quam
591 3972 756 4020 Asiae
775 3970 1144 4034 proconsulem
1165 3968 1462 4018 Maoeirnum
1485 3967 1654 4029 fuisse
1672 3972 1795 4017 ante
1815 3983 2012 4018 annum
2029 3968 2141 4020 223
2163 3969 2393 4018 ostendit
2412 3969 2602 4018 titulus
2618 3968 2969 4018 Ardeatinus.

583 4087 754 4158 2937
819 4090 1127 4151 Vocontio.
1175 4088 1184 4172 Ι
1240 4090 1304 4150 Ρ.
1357 4089 1444 4149 Fl.
1491 4089 1741 4150 Pudenti
1789 4087 2250 4173 Pompolniano¹
2303 4110 2354 4151 c.
2401 4109 2483 4163 v.,
2544 4107 2680 4169 erga
2734 4086 2745 4169 Ι
2795 4087 2970 4148 civeis

418 4193 785 4272 patriamque
824 4190 835 4275 Ι
888 4192 1111 4272 prolixe
1157 4192 1404 4265 cultori,
1464 4190 1775 4273 exlercitiis
1818 4191 2168 4254 militaribus
2219 4195 2229 4268 Ι
2276 4193 2518 4265 effecto,
2574 4185 2964 4268 multit‘arilam

412 4292 726 4374 loquentes
786 4294 1027 4378 litlteras
1083 4293 1415 4374 amplianti,
1486 4293 1752 4376 Atlticam
1814 4295 2146 4355 facundiam
2203 4291 2570 4374 adlaequanti
2628 4293 2896 4353 Romano
2958 4289 2967 4373 Ι

416 4398 626 4468 nitori,
679 4395 688 4479 Ι
729 4399 873 4459 ordo
919 4396 1112 4457 incola
1158 4396 1338 4457 fontis
1387 4393 1397 4475 Ι
1447 4405 1701 4475 patrono
1750 4397 1869 4458 oris
1913 4397 2113 4457 uberis
2165 4398 2175 4473 Ι
2227 4404 2286 4456 et
2329 4395 2597 4467 fluentis,
2658 4388 2908 4478 nostr[o]
2959 4392 2967 4474 Ι

419 4499 584 4561 alteri
629 4501 798 4560 sonti.

596 4599 931 4664 Thamugadi
966 4603 1021 4650 in
1056 4596 1198 4663 foro,
1234 4602 1375 4650 basis
1412 4600 1606 4649 litteris
1639 4598 1944 4650 uncialibus
1982 4597 2143 4664 (VIII
2170 4597 2306 4649 2394
2345 4597 2483 4647 vidit
2523 4595 2869 4662 Wilmanns).
2903 4624 2970 4634 ——

425 4687 474 4747 1)
512 4684 743 4735 Videtur
773 4687 1045 4749 scripsisse
1073 4687 1436 4749 grammatica
1474 4684 1768 4749 quaedam3
1803 4699 1929 4734 nam
1964 4687 2060 4733 via:
2095 4683 2337 4732 diversus
2381 4686 2460 4731 est
2493 4681 2716 4731 Flavius
2750 4682 2970 4746 Pompo·

419 4771 620 4819 nianus
655 4772 851 4820 citatus
884 4785 917 4819 a
955 4769 1198 4821 Charisia
1230 4786 1287 4835 p.
1315 4770 1410 4821 445
1435 4769 1513 4821 ed.
1551 4767 1668 4818 Keil
1703 4768 1938 4833 (monuit
1972 4767 2260 4819 Buecheler
2293 4781 2424 4816 mus.
2464 4765 2625 4816 [then.
2650 4767 2716 4816 42
2752 4783 2803 4829 p.
2830 4766 2973 4831 473).
