3432 5387
1329 1418 1990 1506 PRAEFATIO.

554 1690 880 1754 Guilelmus
923 1691 1166 1753 Henzen
1214 1703 1525 1773 postquam
1572 1713 1844 1774 magnam
1901 1696 2105 1757 aetatis
2148 1703 2375 1775 partem
2432 1697 2492 1757 in
2540 1695 2944 1759 describendis

379 1804 441 1856 et
484 1792 866 1856 recensendis
925 1793 1416 1874 inscriptionibus
1472 1797 1732 1877 antiquis
1774 1796 1940 1859 urbis
1983 1797 2206 1859 Romae
2252 1800 2650 1877 consumpsit,
2705 1798 2943 1858 tandem

374 1897 697 1976 aliquando
742 1895 1008 1956 absoluta
1053 1897 1164 1957 hac
1209 1918 1388 1978 opera
1433 1900 1684 1961 saeculis
1712 1902 2027 1981 profutura
2074 1909 2133 1960 et
2164 1900 2334 1961 editis
2365 1899 2646 1979 Corporis
2689 1899 2942 1978 inscrip-

356 1999 610 2058 tionum
641 1997 984 2058 Latinarum
1032 1997 1200 2061 urbis
1232 2000 1452 2062 Romae
1484 2003 1751 2082 partibus
1795 2002 2026 2063 duabus
2069 2004 2144 2080 (a.
2183 2001 2366 2065 1876.
2403 2003 2613 2080 1882),
2659 2001 2730 2063 ad
2775 1999 2943 2061 aliam

376 2117 506 2159 rem
551 2118 617 2160 se
663 2100 986 2174 convertit,
1046 2110 1105 2162 et
1149 2103 1335 2181 ipsam
1382 2123 1503 2164 non
1553 2104 1818 2183 exiguae,
1864 2114 1930 2166 ut
1971 2104 2282 2184 sperabat,
2342 2103 2610 2166 utilitatis
2656 2104 2944 2165 futuram:

374 2201 646 2281 syllogen
694 2200 1152 2281 inscriptionum
1196 2202 1569 2280 selectarum,
1615 2224 1792 2285 quam
1837 2214 1975 2267 ante
2020 2207 2238 2275 multos
2282 2225 2473 2267 annos
2519 2206 2562 2267 1.
2596 2204 2658 2266 C.
2693 2203 2947 2265 Orellius

376 2303 614 2365 duobus
671 2303 1072 2366 voluminibus
1142 2305 1405 2368 ediderat
1459 2315 1518 2368 et
1586 2307 1682 2368 cui
1741 2309 1868 2388 ipse
1925 2307 2244 2369 Henzenus
2300 2308 2648 2370 adulescens
2704 2305 2946 2366 tertium

378 2404 656 2467 volumen
688 2405 1009 2480 addiderat,
1056 2426 1087 2466 a
1131 2408 1538 2470 fundamentis
1568 2411 1878 2470 constituit
1907 2411 2172 2471 reficere.
2247 2408 2494 2471 Videbat
2523 2409 2702 2482 enim,
2750 2425 2946 2485 neque

378 2507 569 2586 ipsam
591 2506 858 2588 syllogen
877 2509 1233 2570 Orellianam
1252 2510 1694 2573 Henzenianam
1727 2511 1978 2591 amplius
2000 2514 2291 2585 sufficere,
2316 2512 2516 2572 multis
2539 2508 2947 2589 inscriptioni-

378 2607 494 2670 bus
537 2610 775 2690 plenius
818 2610 907 2670 vel
951 2611 1172 2672 rectius
1215 2611 1402 2688 lectiS,
1456 2613 1659 2675 multis
1703 2612 1878 2673 etiam
1927 2613 2094 2674 novis
2138 2611 2628 2692 inscriptionibus
2674 2610 2945 2689 repertis,

380 2730 575 2791 neque
626 2712 742 2773 iam
787 2713 1169 2775 suffecturam
1229 2733 1359 2776 esse
1402 2723 1651 2795 propter
1706 2716 1942 2777 easdem
2000 2734 2205 2777 causas
2249 2715 2514 2796 syllogen
2578 2730 2706 2772 eam
2767 2729 2945 2789 quam

380 2833 545 2875 anno
595 2816 755 2879 1873
803 2814 1094 2876 Gustavus
1138 2814 1470 2877 Wilmanns
1515 2817 1809 2888 ediderat,
1867 2817 2114 2878 similem
2161 2834 2289 2876 eam
2336 2814 2669 2876 Orellianae
2713 2813 2946 2874 Henze-

386 2916 618 2991 nianae,
662 2919 760 2979 sed
809 2917 1110 2996 aliquanto
1157 2918 1406 2979 minoris
1438 2918 1679 2993 moduli,
1727 2919 1949 2999 quippe
1981 2937 2132 2995 quae
2162 2917 2237 2978 ab
2267 2925 2509 2978 auctore
2552 2915 2946 2976 adulescenti—

378 3017 496 3078 bus
539 3018 911 3096 potissimum
957 3020 1241 3082 destinata
1302 3028 1458 3081 esset
1516 3021 1616 3099 qui
1670 3021 1879 3082 studiis
1934 3019 2302 3098 antiquitatis
2356 3038 2599 3098 operam
2657 3019 2795 3080 dare
2852 3018 2946 3078 in-

380 3119 673 3198 ciperent.
749 3121 824 3182 Et
865 3121 994 3182 vivo
1040 3122 1278 3200 quidem
1308 3121 1722 3197 Wilmannsio,
1769 3123 2114 3183 Henzenum
2147 3130 2290 3202 puto
2324 3123 2376 3182 ei
2419 3130 2719 3182 auctorem
2765 3120 2946 3182 fuisse

380 3223 669 3297 futurum,
716 3231 783 3282 ut
825 3224 951 3303 ipse
998 3242 1069 3285 ex
1113 3224 1347 3302 integro
1393 3224 1656 3304 syllogen
1690 3224 1977 3285 conderet
2022 3240 2170 3302 quae
2206 3223 2402 3284 locum
2431 3223 2664 3284 illarum
2695 3223 2944 3283 duarum

378 3322 672 3403 impleret,
706 3342 902 3405 neque
924 3325 1380 3387 Wilmannsium
1404 3326 1456 3385 ei
1489 3325 1738 3388 consilio
1769 3326 2143 3400 defuturum;
2173 3326 2273 3386 sed
2307 3344 2444 3386 cum
2468 3323 2943 3398 Wilmannsium,

380 3435 516 3506 post
559 3427 679 3488 duo
728 3427 941 3489 itinera
987 3427 1296 3500 Africana,
1356 3445 1507 3505 quae
1554 3427 1835 3508 Corporis
1878 3426 2333 3507 inscriptionum
2380 3427 2724 3488 Latinarum
2769 3444 2941 3487 causa

377 3539 743 3610 susceperat,
796 3530 855 3590 in
903 3530 1034 3610 ipso
1064 3531 1209 3590 flore
1239 3529 1444 3591 aetatis
1474 3549 1604 3591 sors
1634 3529 1836 3608 iniqua
1869 3527 2241 3608 abripuisset,
2287 3529 2604 3590 Henzenus
2633 3529 2787 3590 banc
2815 3546 2942 3588 rem

378 3632 452 3692 ad
505 3651 570 3694 se
628 3641 897 3712 spectare
955 3631 1274 3694 arbitratus
1332 3641 1439 3694 est.
1541 3631 1750 3712 Coepit
1804 3631 1986 3710 igitur
2029 3631 2378 3704 Henzenus,
2437 3649 2624 3691 novae
2682 3629 2941 3710 syllogae

381 3734 731 3796 condendae
776 3752 971 3809 causa,
1020 3733 1440 3813 inscriptiones
1485 3753 1552 3794 ex
1587 3732 1868 3813 Corporis
1898 3732 2356 3812 inscriptionum
2387 3731 2727 3793 Latinarum
2776 3730 2939 3793 volu-

381 3835 647 3897 minibus
688 3844 809 3897 tam
855 3836 1027 3898 editis
1062 3854 1237 3915 quam
1271 3835 1516 3896 editioni
1549 3836 1770 3915 paratis
1800 3835 2133 3896 exscribere
2164 3841 2223 3893 et
2252 3835 2313 3894 in
2346 3833 2654 3895 schedulas
2683 3834 2939 3908 referre;

382 3938 487 3998 sed
514 3947 833 4018 antequam
850 3939 1012 3999 bunc
1028 3937 1388 4017 excerpendi
1413 3937 1676 3999 laborem
1692 3936 2021 3998 absolveret
2034 3945 2093 3997 et
2116 3935 2187 3997 ad
2205 3934 2551 4015 digerendas
2568 3936 2672 3996 bas
2695 3934 2943 3997 schedas

388 4047 448 4098 et
476 4039 841 4102 adnotandas
877 4039 1205 4113 accederet,
1250 4038 1377 4119 ipse
1408 4056 1647 4117 quoque
1693 4047 1885 4100 morte
1929 4038 2211 4118 abreptus
2255 4047 2343 4099 est
2386 4038 2443 4098 d.
2475 4039 2555 4100 27
2587 4036 2720 4097 Jan.
2755 4035 2939 4100 1887.

385 4175 471 4185 —-
514 4141 652 4203 Cum
715 4149 1106 4221 quaereretur
1159 4140 1265 4220 qui
1327 4159 1478 4221 opus
1537 4139 1609 4200 ab
1656 4140 1940 4201 Henzeno
2003 4139 2345 4201 inchoatum
2391 4139 2734 4219 perficeret,
2792 4156 2940 4198 con-

378 4260 561 4304 sensu
604 4244 930 4306 amicorum
978 4262 1114 4306 cum
1162 4242 1378 4323 quibus
1431 4243 1594 4304 vivus
1638 4242 1980 4303 Henzenus.
2016 4242 2259 4304 consilia
2306 4240 2749 4303 communicare
2792 4257 2940 4300 con-

375 4354 677 4421 sueverat,
735 4364 1097 4424 eorumque,
1157 4345 1374 4424 quibus
1424 4344 1690 4406 moriens
1735 4362 1830 4404 res
1874 4363 2009 4406 suas
2052 4344 2403 4423 reliquerat,
2458 4361 2567 4421 ego
2613 4341 2769 4402 banc
2812 4359 2939 4401 rem

374 4447 629 4527 suscepi.
738 4447 816 4508 Et
883 4466 1025 4509 usus
1080 4447 1316 4526 quidem
1378 4465 1508 4508 sum
1567 4446 1628 4507 in
1688 4464 1758 4507 ea
1814 4464 1880 4508 re
1938 4446 2169 4507 schedis
2221 4444 2519 4518 Henzeni,
2573 4444 2678 4505 sed
2736 4443 2815 4504 ita
2874 4450 2943 4504 ut

375 4548 651 4610 adderem
697 4549 791 4610 vel
833 4549 1129 4610 demerem
1189 4568 1340 4628 quae
1387 4549 1528 4609 mihi
1576 4548 1843 4610 addenda
1900 4547 2258 4609 demendave
2313 4545 2696 4618 videbantur,
2754 4543 2941 4606 adno—

377 4651 660 4712 tationem
712 4659 906 4713 autem
955 4670 1194 4713 omnem
1240 4652 1312 4712 de
1356 4670 1490 4711 meo
1536 4650 1878 4723 adiicerem‚
1942 4649 2212 4710 ordinem
2268 4647 2525 4726 denique
2571 4646 2938 4708 instituerem

378 4752 478 4830 qui
525 4753 666 4814 mibi
724 4772 757 4814 e
815 4771 882 4814 re
939 4771 1067 4816 esse
1123 4752 1446 4814 videbatur.
1550 4751 1693 4814 Cum
1752 4760 1944 4813 autem
2002 4750 2424 4829 inscriptiones
2482 4747 2758 4810 collectas
2818 4764 2939 4806 non
