3432 5387
940 372 1114 426 Tituli
1149 372 1385 427 virorum
1421 376 1476 427 ot
1508 372 1798 428 mulierum
1835 373 2040 428 ordinis
2077 374 2355 430 senatorii.
2696 355 2701 360 ἱ
2800 374 2921 433 289

375 548 465 609 VI,
502 546 758 596 videntur
781 546 848 596 ab
873 547 949 594 eis
973 561 1081 594 esse
1104 545 1304 596 donata
1331 547 1519 596 amicis
1553 550 1607 595 et
1638 549 1974 597 senatoribus
2008 545 2104 612 (cs.
2128 546 2194 600 N.
2230 547 2374 600 1307.
2411 548 2586 614 1308).
2645 547 2927 600 Recensuit

367 635 531 684 liuius
559 632 776 697 generis
809 632 1151 679 monumenta
1188 635 1239 679 et
1272 629 1576 696 plenissime
1610 634 1890 681 enarravit
1932 630 2011 683 W.
2038 632 2223 698 Meyer
2253 636 2390 683 zwei
2412 632 2595 683 antike
2617 631 2927 694 Ell‘enbein·

371 716 543 778 tafeln
569 716 665 766 der
701 715 902 781 ko’nigt.
940 716 1244 768 Staatsbibl.
1282 718 1342 765 in
1377 715 1643 766 Miinelzen
1682 715 1876 784 (1879).
1911 747 1978 755 -
2018 719 2064 782 1)
2100 718 2196 768 Est
2213 717 2378 768 Feltae
2402 720 2591 770 consul
2613 719 2927 770 ordinarius

370 819 419 856 a.
454 804 574 863 428,
612 803 706 866 qui
739 805 793 850 et
825 817 990 866 supra
1027 799 1097 852 N.
1122 801 1273 854 1293.

540 937 708 1009 1299
1620 945 1675 1001 1.

370 1044 457 1105 ΡΙ.
490 1041 764 1103 Ardabur
792 1041 980 1121 Aspar
1009 1042 1096 1102 vir
1125 1042 1408 1115 inlustris,
1455 1060 1607 1102 com.
1642 1051 1700 1103 et
1731 1060 1883 1122 mag.
1916 1041 2163 1102 militum
2212 1051 2269 1103 et
2313 1043 2525 1104 consul
2570 1043 2923 1106 ordinarius.

981 1163 1037 1221 2.
2257 1164 2313 1222 3.

876 1262 1148 1323 Ardabur
1621 1354 1658 1410 4
2185 1262 2377 1323 Plinta

1396 1448 1668 1510 Ardabur
1710 1448 1910 1509 iunior

1544 1561 1750 1630 pretor

541 1667 855 1719 Florentiae
889 1670 948 1717 in
984 1683 1180 1730 museo,
1219 1667 1420 1734 clipeus
1455 1668 1540 1719 vet
1574 1669 1752 1719 discus
1777 1671 2061 1732 argenteus
2083 1668 2365 1732 rotundus,
2399 1681 2517 1717 cum
2542 1670 2782 1732 imagine
2805 1683 2928 1719 con-

369 1755 504 1805 sulis
529 1752 667 1803 ludis
690 1753 1056 1818 praesidentis
1090 1757 1140 1803 et
1170 1757 1453 1819 praeterea
1491 1753 1850 1818 compluribus
1882 1753 2210 1816 imaginibus
2241 1753 2557 1814 minoribus,
2590 1769 2702 1819 rep.
2727 1755 2787 1804 in
2825 1758 2928 1804 ter·

371 1841 570 1890 ritorio
598 1838 802 1890 Cosano
839 1840 898 1888 in
922 1838 1069 1889 alveo
1095 1840 1206 1888 rivi
1229 1837 1506 1888 cuiusdam
1544 1837 1645 1903 (XI
1662 1837 1800 1892 2637
1832 1837 1973 1888 vidit
1992 1837 2297 1900 Bormann,·
2331 1840 2610 1888 enarravit
2636 1838 2721 1890 W.
2740 1838 2927 1905 Meyer

370 1927 507 1975 zwei
539 1920 997 1984 Elsenbeintal‘etn
1033 1922 1128 1972 der
1155 1922 1628 1973 Staatsbibliotlzek
1661 1939 1733 1973 zu
1757 1923 2023 1974 Miinclzen
2052 1938 2108 1988 p.
2130 1922 2324 1988 6seq.).
2401 1921 2607 1973 Titulus
2642 1923 2687 1976 1.
2724 1923 2930 1988 legitur

374 2012 432 2060 in
465 2012 712 2074 margine
746 2010 919 2075 clipei,
953 2011 1008 2060 2.
1030 2011 1084 2061 3.
1121 2008 1386 2072 adscripti
1418 2013 1545 2058 sunt
1567 2009 1641 2059 ad
1656 2013 1934 2074 protomus
1957 2011 2197 2058 virorum
2232 2007 2463 2058 duorum
2496 2013 2706 2075 sceptra
2736 2023 2930 2073 geren·

375 2100 533 2159 tium,
580 2099 616 2146 t.
650 2096 680 2145 4
723 2095 796 2144 ad
829 2097 1119 2159 imaginem
1154 2092 1509 2144 adulescentis
1544 2109 1793 2159 mappam
1831 2095 2070 2144 teneretis.
2142 2091 2350 2157 Clipeos
2384 2090 2565 2153 sactus
2599 2098 2675 2145 est
2707 2097 2929 2160 propter

371 2179 708 2230 consulatum
742 2179 929 2230 Flavii
962 2179 1262 2229 Ardaburii
1287 2177 1529 2243 Aspar-is,
1565 2178 1770 2228 scilicet
1806 2179 2032 2243 Asparis
2065 2180 2196 2242 eius,
2233 2181 2388 2229 cuius
2428 2181 2763 2231 consulatum
2797 2177 2932 2238 fasti

371 2268 644 2316 recensent
666 2266 762 2315 sub
789 2282 838 2317 a.
862 2266 977 2330 434,
1013 2267 1121 2314 viri
1137 2279 1239 2328 per
1262 2278 1515 2328 magnam
1536 2267 1744 2329 partem
1767 2262 1971 2313 saeculi
1994 2279 2052 2328 p.
2080 2262 2200 2315 Chr.
2236 2267 2415 2329 quinti
2448 2268 2508 2316 in
2543 2266 2670 2316 aula
2700 2264 2931 2315 Orientis

368 2352 729 2416 potentissimi
763 2350 837 2415 (a.
859 2351 957 2401 424
993 2349 1108 2400 dux
1129 2347 1242 2410 suit
1262 2354 1372 2398 u'na
1409 2364 1527 2399 cum
1559 2353 1714 2415 patre
1739 2348 2049 2399 Ardaburio
2083 2348 2437 2414 expeditionis
2471 2352 2664 2401 missae
2698 2366 2731 2400 a
2770 2348 2932 2400 leeo-

372 2435 522 2486 dosio
560 2439 745 2486 contra
783 2436 1063 2496 Ioannem,
1107 2437 1406 2484 invasorem
1452 2439 1610 2498 regni
1655 2432 2024 2494 occidentalis,
2071 2450 2121 2485 a.
2155 2434 2247 2485 461
2284 2434 2513 2486 Leonem
2554 2439 2930 2500 imperatorem

371 2520 518 2585 fecit,
555 2537 605 2572 a.
639 2520 729 2572 471
770 2523 975 2571 occisus
1009 2524 1085 2569 est
1120 2523 1268 2570 iussu
1291 2518 1515 2582 Leonis,·
1550 2517 1623 2580 cl.
1656 2517 1932 2569 Titlemont
1966 2522 1997 2571 6
2024 2535 2081 2585 p.
2103 2521 2421 2585 409-413),·
2455 2521 2711 2572 Ardabur
2744 2520 2931 2568 iunior

363 2610 589 2672 praetor
624 2609 686 2667 (t.
720 2607 775 2670 4)
812 2607 928 2655 sine
963 2605 1124 2655 dubio
1162 2607 1241 2653 est
1271 2603 1418 2665 fitius
1454 2606 1584 2665 eius,
1613 2608 1801 2670 postea
1840 2603 2027 2654 consul
2061 2620 2110 2656 a.
2144 2606 2254 2670 447,
2288 2605 2546 2657 Ardabur
2581 2604 2642 2672 (t.
2677 2606 2738 2672 2)
2773 2608 2930 2672 pater

371 2692 502 2753 eius,
548 2689 735 2742 consul
768 2708 819 2742 a.
852 2690 965 2753 427,
1003 2689 1180 2741 Plinta
1218 2689 1406 2741 consul
1438 2706 1486 2741 a.
1522 2689 1617 2741 419
1651 2691 1829 2741 nescio
1867 2705 1974 2754 qua
1999 2687 2273 2752 affinitate
2297 2707 2417 2741 cum
2451 2691 2561 2743 illis
2596 2693 2927 2745 coniunctus.

542 2827 713 2897 13⁰0
1009 2835 1063 2891 1.
2292 2834 2349 2892 2.

459 2932 546 2993 Fl.
594 2932 894 3011 Astyrius¹
937 2952 990 2991 v.
1040 2950 1091 2992 c.
1139 2941 1197 2993 et
1242 2931 1344 2992 inl.
1391 2951 1565 3005 com„
1611 2952 1681 2994 ex
1824 2951 1975 3011 mag.
2022 2932 2271 3011 utriusq.
2318 2933 2460 3008 mil.‚
2505 2953 2669 2995 cons,
2716 2934 2841 2995 ord.

541 3032 854 3098 Diptyclzon
891 3034 1194 3094 eburneum,
1233 3047 1352 3082 cum
1387 3034 1626 3097 imagine
1660 3033 1892 3085 consulis
1911 3032 2157 3095 sedentis,
2194 3033 2322 3084 olim
2358 3034 2549 3085 Leodii
2585 3033 2798 3102 (Liege)
2836 3036 2927 3086 ad·

372 3121 641 3168 servatum
682 3115 844 3181 (Gor-i
892 3120 1172 3168 thesaurus
1220 3117 1595 3185 diptychorum
1634 3118 1663 3167 Ι
1696 3134 1753 3183 p.
1787 3120 1856 3168 58
1901 3133 2019 3168 cum
2055 3119 2192 3181 tab.,·
2242 3118 2323 3171 W.
2359 3119 2542 3186 Meyer·
2574 3122 2713 3170 zwei
2744 3118 2927 3181 Elsen·

373 3200 665 3262 beintas'eln
698 3218 756 3268 p.
777 3204 845 3254 63
838 3202 887 3268 ).
911 3230 980 3240 -
1008 3206 1056 3266 1)
1081 3202 1181 3253 Est
1205 3203 1392 3253 consul
1425 3220 1475 3255 a.
1498 3204 1608 3267 449,
1644 3206 1967 3254 memoratus
2001 3221 2034 3254 a
2060 3203 2284 3255 Sidonio
2320 3220 2399 3270 ep.
2422 3207 2472 3267 8,
2506 3208 2554 3270 6,
2574 3208 2627 3269 ὅ,
2664 3206 2929 3256 interdum

370 3288 505 3338 vitio
541 3286 785 3337 codicum
823 3287 996 3337 dictus
1028 3288 1276 3338 Asterius
1312 3287 1407 3354 (cl.
1448 3288 1511 3338 de
1544 3287 1699 3339 Ros-si
1732 3290 1895 3339 inser.
1931 3289 2045 3341 clzr.
2081 3290 2110 3339 Ι
2138 3305 2192 3355 p.
2214 3289 2365 3355 523).

541 3420 708 3491 18⁰1
884 3429 941 3485 1.
2235 3430 2293 3488 2.

371 3525 509 3586 Nar.
541 3525 717 3586 Manl.
750 3525 1063 3587 Boethius¹
1096 3544 1148 3585 v,
1181 3545 1231 3586 e.
1264 3535 1322 3587 et
1352 3526 1455 3587 inl.
1609 3546 1679 3588 ex
1704 3546 1763 3606 p.
1790 3548 1870 3607 p.,
1902 3548 1960 3608 p.
1992 3548 2050 3589 u.
2083 3529 2245 3604 see.²,
2276 3548 2440 3591 cons.
2473 3531 2599 3591 ord.
2632 3539 2692 3590 ot
2721 3530 2927 3608 patric.

542 3625 849 3692 Diptyckon
881 3627 1186 3687 eburneum,
1213 3641 1332 3677 eum
1356 3628 1593 3691 imagine
1617 3628 1849 3679 consulis
1872 3631 2080 3693 stantis,
2104 3633 2352 3679 servatur
2374 3629 2602 3681 Brixiae
2628 3630 2714 3695 (V
2724 3630 2875 3694 8120,
2902 3630 2928 3680 1

374 3707 659 3759 Mommsen
683 3710 820 3761 vidit
855 3716 1143 3779 ectypum).
1179 3740 1246 3748 —
1286 3714 1333 3775 1)
1372 3712 1599 3763 Videtur
1633 3728 1741 3763 esse
1778 3713 2032 3764 Boethius
2068 3714 2255 3764 consul
2288 3715 2600 3766 ordinarius
2635 3732 2683 3765 a.
2718 3715 2829 3767 487.
2866 3743 2934 3753 -

377 3793 429 3855 2)
467 3792 557 3842 Ex
585 3792 862 3857 praesecto
895 3798 1191 3861 praetorio,
1224 3795 1532 3862 praefectus
1567 3799 1692 3848 urbi
1725 3798 1971 3850 secundo.

545 3942 719 4015 18⁰2
1623 3959 1681 4014 1.

633 4049 838 4111 Rufius
877 4054 887 4125 Ι
925 4052 1185 4114 Achilius
1225 4051 1235 4134 Ι
1275 4052 1559 4115 Sividius¹
1604 4073 1654 4114 v.
1700 4073 1754 4115 c.
1796 4051 1806 4137 Ι
1845 4063 1905 4114 et
1947 4055 2073 4128 inl„
2119 4074 2190 4115 ex
2233 4056 2415 4134 praef.
2455 4054 2466 4137 Ι
2506 4056 2671 4118 urbis

1624 4176 1685 4234 2.

630 4269 929 4348 patricius,
969 4267 979 4350 Ι
1018 4270 1230 4331 iterum
1273 4269 1282 4352 Ι
1323 4274 1505 4351 praef.
1553 4274 1739 4348 urbis,
1780 4273 1788 4358 Ι
1829 4276 2039 4337 consul
2085 4272 2453 4352 ordilnarius.

543 4370 851 4439 Diptyclzon
886 4372 1205 4435 eburneum,
1238 4374 1556 4424 servabatur
1593 4372 1836 4425 Ger-oncle
1872 4373 1957 4439 (in
1989 4377 2126 4426 valle
2158 4374 2495 4441 Rhodanica)
2532 4379 2589 4426 in
2624 4378 2931 4438 seminario,

372 4470 519 4505 nunc
545 4470 681 4520 pars
716 4456 1035 4507 adservatur
1070 4456 1295 4506 Parisiis
1320 4456 1448 4522 (XII
1471 4459 1574 4512 133
1604 4462 1815 4524 partem
1841 4460 1888 4510 1.
1925 4459 2062 4509 vidit
2085 4459 2433 4528 Hirschfeld).
2458 4488 2528 4500 —
2554 4464 2603 4525 1)
2626 4462 2723 4512 Est
2756 4464 2805 4512 is
2838 4464 2934 4528 qui

375 4555 517 4590 anno
549 4542 649 4591 488
695 4555 815 4591 cum
848 4540 1123 4606 Dynamio
1171 4543 1357 4593 consul
1395 4546 1687 4610 processit,
1731 4542 1954 4605 sifidius
1989 4544 2305 4609 plerumque
2352 4544 2470 4609 (sed
2510 4546 2673 4613 male)
2724 4547 2937 4611 dictus,-

369 4639 544 4689 genus
578 4625 738 4675 duxit
770 4627 886 4675 sine
924 4624 1082 4675 dubio
1120 4626 1185 4675 ab
1221 4627 1399 4679 Acilio
1441 4627 1730 4680 Glabrione
1773 4627 1979 4679 Sibidio
2017 4627 2207 4695 (supra
2245 4628 2311 4683 Ν.
2348 4630 2538 4696 1281),·
2573 4629 2643 4691 cll
2682 4632 2745 4682 de
2780 4632 2935 4685 Rossi

377 4711 539 4759 inscr.
576 4711 688 4760 chr.
725 4709 756 4759 Ι
783 4726 836 4775 p.
876 4708 1109 4761 LXVIII
1126 4727 1232 4775 seq.

480 4832 663 4883 Danu,
694 4833 1019 4889 {ascriptiones
1050 4835 1252 4880 Latinae.
2464 4840 2526 4889 19
