3432 5387
849 388 1021 443 Tituli
1055 388 1447 458 imperatorum
1483 389 1782 459 domusque
1816 390 2219 459 imperatoriae.
2331 406 2334 409 ·
2736 396 2819 455 63

404 562 471 612 ln
497 576 651 626 agro
686 561 923 612 Lunensi
945 576 1076 627 rep„
1111 575 1256 611 nunc
1281 559 1491 625 Romae,
1528 560 1710 610 tabula
1735 576 2039 612 marmorea
2075 565 2132 612 in
2158 578 2264 629 qua
2296 564 2402 616 duo
2430 568 2579 617 tituli
2605 568 2824 631 gemelli

235 651 391 699 iuxta
430 648 622 713 positi
675 646 782 711 (XI
810 647 986 713 1551).
1035 674 1099 683 —-
1150 649 1198 709 1)
1247 646 1596 711 Imperatoris
1641 645 1958 699 uocabulum
2004 650 2167 699 etiam
2214 666 2247 699 a
2289 647 2506 700 Nerone
2547 652 2820 702 interdum

237 734 347 784 loco
376 734 790 799 praenominis,
823 731 915 780 sed
946 747 1057 781 una
1093 747 1212 781 cum
1242 733 1472 795 proprio
1506 735 1845 796 usurpatum,
1882 731 1952 791 cs:
1990 732 2276 784 Mommsen
2310 735 2540 786 Staatsr.
2568 736 2620 786 11
2650 752 2702 801 p.
2726 736 2821 788 746

236 822 337 869 not.
365 817 410 869 1.
448 845 520 856 -
560 820 618 881 2)
659 817 727 869 15
755 815 863 867 Oct.
886 816 1030 882 66167
1057 816 1143 881 (10
1168 817 1292 867 Dec.
1316 815 1539 883 631667).
1613 814 1693 876 ct:
1729 832 1897 882 supra
1923 816 1988 869 Ν.
2013 818 2120 869 229
2153 822 2260 870 not.
2286 819 2370 871 45.
2401 848 2469 857 --
2493 821 2545 882 3)
2570 820 2634 870 In
2664 822 2819 871 titulo

240 904 484 955 Casinate
519 902 579 955 X
608 901 762 966 5171,
796 904 1154 965 coniungente
1190 916 1310 951 cum
1345 902 1643 951 tribunicia
1676 905 1939 965 potestate
1974 901 2176 952 decima
2214 906 2375 954 tertia
2411 906 2820 970 imperatoriam

233 990 623 1039 salutationem
675 992 919 1039 octauam
964 988 1102 1038 aller
1155 992 1278 1037 uter
1321 1002 1574 1037 numerus
1630 1002 1742 1037 non
1797 991 1939 1038 recte
1989 987 2287 1053 descriptus
2340 992 2415 1039 sit
2464 1004 2671 1039 necesse
2726 995 2819 1042 est.

240 1075 442 1138 Postea,
478 1075 543 1123 in
581 1075 884 1123 tribunicia
919 1077 1182 1139 potestate
1217 1073 1421 1123 decima
1459 1074 1675 1136 quarta,
1710 1069 1856 1121 Nero
1893 1072 1968 1121 ad
1998 1073 2378 1124 salutationem
2413 1077 2819 1139 imperatoriam

239 1158 645 1222 duodecimam,
688 1158 773 1207 vel
813 1161 973 1209 etiam
1008 1158 1172 1221 ultra,
1201 1160 1453 1224 peruenit
1488 1154 1567 1221 (X
1593 1155 1764 1222 8014).
1799 1183 1871 1194 -
1905 1159 1957 1220 4)
1993 1157 2205 1209 Duovir
2239 1163 2519 1224 quartum,
2554 1166 2820 1226 patronus

240 1242 507 1308 coloniae,
543 1243 758 1292 scilicet
788 1242 1067 1294 Lunensis.
1104 1271 1169 1279 —
1206 1245 1256 1306 5)
1293 1241 1604 1303 Praefectus
1637 1240 1858 1302 fabrum
1895 1243 2207 1294 consularis.
2245 1273 2309 1283 —-
2348 1246 2400 1303 6)
2435 1244 2518 1294 De
2552 1247 2638 1295 liis
2673 1247 2819 1295 insu-

239 1327 410 1377 larum
441 1324 752 1392 praefectis
788 1325 858 1387 cll
893 1325 1183 1378 Mommsen
1219 1327 1292 1377 ad
1328 1326 1379 1379 C.
1416 1326 1464 1378 Χ
1495 1326 1642 1378 6785.
1690 1353 1760 1363 -
1808 1328 1860 1390 7)
1898 1328 2024 1378 LLG
2063 1328 2215 1393 lapis.
2259 1358 2327 1367 —
2372 1331 2423 1393 8)
2459 1330 2820 1395 significatur

238 1426 408 1461 annus
436 1426 498 1477 p.
522 1412 656 1463 Chr.
679 1414 777 1474 65,-
812 1412 1018 1477 collega
1043 1411 1247 1463 Licinii
1268 1410 1498 1475 Neruae,
1532 1410 1603 1462 M.
1630 1410 1883 1462 Vestinus
1916 1413 2146 1477 Atticus,
2172 1414 2309 1479 ideo,
2342 1420 2407 1464 ut
2441 1414 2673 1480 uidetur,
2708 1430 2818 1465 non

236 1502 599 1559 memoratur,
658 1497 803 1562 quod
846 1498 905 1547 in
949 1500 1063 1562 ipso
1111 1496 1394 1547 consulatu
1441 1498 1589 1546 iussu
1634 1499 1979 1562 imperatoris
2028 1501 2234 1549 occisus
2280 1503 2356 1549 est
2405 1499 2475 1561 cll
2518 1499 2642 1551 Tac.
2691 1516 2817 1553 ann.

241 1580 315 1645 16,
338 1584 419 1634 68.
445 1585 531 1646 69,
570 1582 795 1634 Sueton.
831 1580 958 1634 Ner.
986 1585 1058 1635 35
1097 1581 1440 1649 (Bormann).
1476 1609 1544 1618 —
1580 1583 1632 1645 9)
1667 1584 1994 1647 8ΑνΡΕΤΟ,
2054 1587 2133 1649 10)
2160 1587 2285 1635 νΒΕ
2326 1585 2477 1649 lapis.
2515 1612 2577 1621 -
2623 1587 2702 1648 11)
2737 1585 2819 1635 De

242 1667 481 1731 Poppaea
528 1671 664 1732 post
706 1672 927 1718 mortem
963 1684 1014 1722 a.
1050 1669 1115 1718 65
1158 1668 1301 1716 inter
1346 1666 1469 1716 deos
1512 1665 1685 1717 relata
1737 1665 1806 1727 cf.
1858 1666 1980 1719 Tac.
2017 1685 2145 1723 ann.
2189 1669 2268 1732 16,
2303 1669 2386 1721 21.
2420 1670 2509 1721 22.
2561 1697 2626 1707 --
2675 1669 2815 1721 Viva

240 1756 571 1802 memoratur
621 1753 868 1818 Poppaea
915 1754 1168 1817 Augusta
1215 1753 1273 1800 in
1309 1753 1446 1801 actis
1479 1751 1765 1802 Arvalium
1801 1768 1848 1803 a.
1885 1754 1954 1803 65
2000 1758 2051 1804 et
2097 1756 2157 1803 in
2201 1754 2379 1804 titulis
2422 1769 2699 1804 servorum
2734 1756 2820 1805 vet

243 1837 553 1887 libertorum
608 1838 691 1889 VI
719 1839 849 1889 8946
891 1838 944 1889 Χ
971 1838 1114 1888 1906.
1151 1838 1294 1887 6787.
1365 1836 1575 1887 Henzen
1616 1839 1764 1888 5408.
1799 1837 1929 1888 5410
1941 1854 1962 1899 ‚·
2008 1839 2132 1887 item
2178 1840 2236 1887 in
2281 1841 2630 1904 inscriptione
2679 1855 2816 1905 quae

241 1924 488 1986 sequitur.

403 2075 539 2145 234
609 2077 822 2138 iudicis
864 2075 1114 2155 Augusti
1158 2094 1217 2155 p.
1266 2095 1324 2155 p.
1372 2085 1431 2137 et
1474 2076 1788 2157 Poppaeae
1832 2078 1981 2156 Aug.
2030 2077 2307 2138 feliciter!

405 2180 696 2243 Pompeiis,
730 2179 789 2227 in
823 2175 1007 2238 fronte
1041 2177 1296 2225 tabernae
1331 2176 1611 2227 cuiusdam
1648 2179 1857 2243 pictum
1896 2176 2136 2243 (Notizie
2168 2177 2296 2228 1879
2329 2193 2381 2244 p.
2418 2178 2533 2244 22).
2606 2178 2816 2230 Iudicia

249 2265 603 2329 imperatoris,
643 2263 835 2328 quibus
859 2262 1173 2327 Pompeiani
1197 2260 1633 2311 acclamaverunt
1654 2263 1744 2311 hic
1768 2265 1819 2311 et
1849 2264 1907 2311 in
1933 2261 2057 2312 aliis
2078 2263 2340 2313 similibus
2376 2265 2817 2329 inscriptionibus

245 2351 572 2412 parietas-iis,
612 2346 878 2413 quomodo
915 2345 1232 2412 accipienda
1265 2348 1378 2396 sint
1411 2349 1464 2395 et
1488 2346 1564 2397 acl
1585 2347 1721 2412 quid
1737 2349 2118 2413 pertinuerint,
2155 2349 2404 2413 eoeposuit
2426 2348 2730 2398 Henzenum
2765 2353 2818 2398 et

251 2432 629 2483 Mommsenum
664 2437 877 2482 secutus
910 2430 1313 2495 Zangemeister
1346 2431 1420 2481 ad
1455 2430 1508 2483 0.
1546 2432 1636 2483 IV
1659 2433 1798 2483 1074.

406 2584 541 2652 235
612 2585 784 2646 Marti
809 2585 1080 2646 Camulo¹
1122 2580 1133 2664 Ι
1171 2602 1401 2645 sacrum
1436 2604 1546 2664 pro
1586 2585 1595 2666 Ι
1633 2586 1822 2647 salute
1855 2580 2186 2669 [Neronis]²
2224 2584 2234 2665 Ι
2274 2585 2477 2646 Claudi
2509 2586 2770 2647 Caesaris
2803 2581 2812 2667 Ι

252 2690 388 2767 Aug.
434 2686 776 2749 Germanici
819 2686 961 2767 imp.
1001 2683 1010 2767 Ι
1052 2685 1206 2748 cives
1251 2687 1421 2748 Remi
1469 2688 1568 2767 qui
1608 2686 1618 2770 Ι
1657 2688 1943 2768 templum
1986 2685 2464 2773 constitulerunt.
2533 2698 2598 2748 In
2631 2692 2816 2754 fronto

254 2815 387 2861 arae,
422 2801 572 2849 inter
597 2797 735 2848 duas
760 2795 977 2858 lauru„
1012 2798 1071 2846 in
1095 2796 1326 2847 eiusdem
1352 2796 1516 2847 latere
1533 2800 1744 2862 postico
1769 2800 1917 2848 intra
1944 2812 2196 2848 eoronam
2221 2811 2509 2862 quernam:
2540 2811 2594 2851 ο.
2642 2808 2695 2850 c.
2742 2791 2814 2850 s.³

408 2892 657 2944 Rindern
690 2904 858 2956 prope
896 2888 1147 2954 Cliniam,
1197 2889 1386 2939 deinde
1422 2889 1623 2941 Cliviae
1660 2888 1987 2956 (Brambach
2030 2891 2121 2941 164
2171 2889 2490 2956 descripsit).
2526 2916 2594 2926 —
2635 2892 2682 2953 1)
2720 2889 2817 2941 Ca-

256 2979 416 3028 mulus
448 2979 535 3028 vel
571 2976 723 3028 Mars
759 2973 1009 3025 Camulus
1043 2989 1174 3025 raro
1209 2978 1549 3036 memoratus,
1586 2979 1649 3025 ut
1681 2978 1740 3024 in
1778 2974 1957 3040 lapide
1992 2980 2045 3025 et
2077 2977 2194 3040 ipso
2226 2977 2405 3041 posito
2449 2991 2482 3024 a
2518 2979 2631 3025 ciue
2654 2974 2814 3026 Remo

259 3062 331 3112 VI
354 3066 429 3115 46.
473 3090 545 3102 -
592 3064 646 3125 2)
681 3060 822 3111 Male
867 3074 1061 3109 manus
1106 3061 1322 3110 novicia
1363 3074 1466 3124 pro
1502 3057 1740 3109 Neronis
1783 3063 1997 3110 nomine
2037 3076 2190 3110 eraso
2246 3059 2451 3110 Tiberii
2499 3061 2815 3112 uocabulum

259 3151 311 3198 in
354 3149 526 3214 lapide
572 3147 831 3213 reposuit.
876 3173 945 3182 -
993 3146 1047 3207 3)
1085 3142 1157 3193 Ob
1204 3146 1343 3195 ciues
1384 3149 1638 3196 servatos.
1710 3144 1925 3195 Laurus
1961 3150 2014 3195 et
2048 3160 2249 3196 corona
2286 3146 2456 3195 civica
2492 3162 2562 3196 ex
2595 3150 2816 3199 senatus

259 3234 484 3285 consulto
528 3231 682 3294 sacto
731 3247 781 3281 a.
824 3229 925 3281 727
974 3225 1073 3294 (cf.
1120 3228 1405 3279 Mommsen
1448 3245 1590 3281 mon.
1638 3229 1800 3282 Ατκε.2
1844 3246 1899 3297 p.
1934 3230 2052 3298 149)
2113 3233 2486 3280 ornamentum
2524 3234 2814 3296 proprium

263 3315 472 3375 fuerunt
492 3317 713 3368 aedium
737 3315 989 3379 Augusti,
1018 3314 1186 3378 obque
1211 3329 1324 3363 eam
1350 3330 1462 3364 rem
1485 3316 1699 3380 saepius
1725 3320 2204 3380 repraesentantur
2226 3317 2287 3364 in
2322 3319 2554 3365 nummis
2575 3317 2815 3380 Augusti

262 3400 346 3466 (cs.
369 3402 468 3455 Mo.
494 3402 529 3454 l.
557 3417 603 3452 c.
620 3416 678 3466 p.
705 3399 1013 3465 149-152),
1050 3399 1320 3448 interdum
1359 3401 1523 3450 etiam
1558 3400 1618 3450 in
1644 3402 1760 3451 aris
1783 3400 2030 3464 Augusto
2067 3401 2327 3451 dedicatis
2365 3398 2463 3465 (cll
2490 3403 2558 3453 ib.
2575 3417 2634 3466 p.
2657 3402 2812 3467 225).

261 3486 360 3536 Hoc
392 3490 703 3538 revocatum
739 3502 847 3535 esse
879 3485 975 3533 sub
1002 3481 1217 3533 Nerone
1239 3484 1369 3533 llaec
1405 3499 1504 3535 ara
1532 3486 1775 3539 ostendit.
1829 3484 2049 3535 Nummi
2072 3501 2281 3552 quoque
2301 3484 2534 3537 Neronis
2558 3501 2812 3537 coronam

262 3587 502 3636 quer-nem
537 3587 697 3637 saepe
730 3571 986 3621 exhibent
1021 3567 1249 3634 (Ecleltel
1279 3571 1327 3634 6,
1348 3569 1499 3636 262),
1533 3570 1626 3620 sed
1657 3573 1774 3620 sine
1808 3573 2161 3637 inscriptione
2197 3573 2259 3620 ob
2297 3573 2435 3621 cives
2468 3574 2725 3622 servatos.

414 3741 543 3812 236
611 3742 832 3803 Neroni
864 3741 1093 3803 Caesari
1115 3743 1264 3820 Aug.
1306 3741 1316 3816 Ι
1355 3750 1415 3801 et
1442 3752 1648 3803 saneto
1682 3737 1962 3827 Silvan[o]
2003 3739 2013 3822 Ι
2051 3743 2368 3804 aediculam
2403 3761 2538 3803 cum
2571 3744 2811 3822 imagin.

269 3838 276 3919 Ι
318 3842 561 3908 Faustus
607 3845 870 3906 Caesaris
908 3843 918 3926 Ι
957 3844 1013 3904 d.
1060 3864 1107 3905 s.
1153 3864 1213 3923 p.
1261 3838 1354 3928 [f.]

418 3946 591 4012 Prope
625 3943 846 3995 Romam
879 3961 989 4011 rep.
1029 3943 1138 4008 (Vl
1163 3945 1306 4012 927).
1351 3970 1422 3982 --
1467 3945 1848 4009 Imperatorem
1885 3943 2107 3996 Silvano
2151 3948 2519 4011 praepositum
2562 3961 2670 3994 esse
2704 3960 2810 3996 non

265 4029 444 4079 ”airum
477 4035 558 4081 est
592 4032 649 4080 in
687 4046 787 4080 ara
826 4030 1070 4081 dedicata
1107 4046 1140 4080 a
1173 4045 1326 4080 seruo
1363 4029 1526 4080 illius.

419 4201 545 4271 237
612 4201 819 4281 Sergio
858 4201 868 4285 Ι
909 4202 1170 4282 Sulpicio
1210 4202 1219 4281 Ι
1260 4202 1477 4263 Galbae
1513 4199 1524 4285 Ι
1565 4202 1707 4282 imp.
1755 4203 1987 4264 Caesar.

423 4304 636 4354 Salonis
662 4302 924 4368 (Spoleti)
950 4318 1061 4368 rep.
1088 4318 1135 4353 a.
1161 4302 1288 4354 1874
1314 4302 1474 4368 (ΕρΙι.
1501 4319 1581 4367 ep.
1604 4304 1658 4367 2,
1678 4303 1832 4369 322).
1894 4302 1957 4353 In
1982 4302 2155 4353 altera
2175 4306 2333 4368 parte
2358 4302 2555 4367 lapidis
2577 4294 2815 4367 superest

273 4400 332 4434 ea:
362 4387 465 4439 alio
499 4391 659 4441 titulo
674 4407 693 4437 .·
731 4425 743 4438 .
772 4426 785 4438 .
813 4425 825 4438 .
852 4400 927 4437 us-
974 4415 1043 4424 —-
1087 4386 1204 4451 Ipse
1250 4389 1545 4452 imperator
1592 4389 1859 4453 appellari
1905 4386 2078 4438 voluit
2113 4387 2220 4439 Ser.
2259 4387 2418 4439 Galba
2468 4387 2589 4452 imp.
2628 4385 2813 4437 Caesar

274 4467 512 4535 Augustus
558 4479 623 4524 ut
668 4472 954 4524 ostendunt
989 4472 1284 4537 diplomata
1327 4475 1393 4523 ab
1438 4489 1500 4524 eo
1538 4473 1666 4524 data
1700 4476 1971 4524 veteranis
2006 4473 2235 4537 legionis
2263 4474 2476 4537 primae
2510 4472 2814 4522 Adiutricis

276 4550 358 4615 (cf.
400 4556 548 4617 inl'ra
595 4562 741 4608 inter
785 4557 970 4608 titulos
1015 4558 1322 4624 militares).
1367 4586 1437 4596 —
1486 4559 1653 4609 Omisi
1696 4555 2066 4623 fragmentum
2110 4557 2250 4607 male
2291 4556 2618 4622 descriptum
2666 4559 2815 4608 tituli

278 4635 452 4692 Galbae
485 4644 722 4694 dedicati
766 4645 827 4692 in
862 4644 993 4693 urbe
1031 4643 1223 4696 Clunia
1261 4644 1343 4709 (II
1372 4643 1527 4711 2779)
1575 4646 1634 4693 in
1670 4659 1778 4709 qua
1818 4645 2058 4710 primum
2103 4644 2404 4709 imperator
2448 4642 2815 4693 consalutatus

277 4727 342 4772 est
371 4725 527 4789 (Plut.
566 4727 715 4812 Galb.
748 4730 798 4782 6.
836 4727 907 4789 cll
945 4728 1088 4780 Suet.
1130 4727 1275 4780 Galb.
1309 4729 1385 4795 9).

1791 4825 2794 4834 *Qu—„mm
