3432 5387
581 391 754 447 Tituli
788 392 1159 449 ministrorum
1195 393 1387 447 domus
1424 393 1704 460 Augustae
1739 390 2076 446 condicionis
2110 390 2402 446 libertinae
2436 395 2493 446 et
2530 391 2757 446 servilis.
2822 389 2941 448 341

567 579 737 650 166Ἷ
803 582 956 644 Salvi
1001 584 1150 660 Aug.
1193 581 1296 643 lib.
1326 577 1557 661 {tabuL
1603 598 1908 659 aquarum,
1940 579 2036 664 Ιν.
2083 599 2225 643 ann.
2268 579 2452 640 XXIX
2496 599 2574 640 m.
2618 581 2688 655 X,
2729 578 2950 663 {Anti-

398 702 553 764 gona
598 693 787 746 mater
822 681 833 766 Ι
873 684 992 745 filio
1034 684 1315 763 piissimo.

566 783 781 845 Romae,
816 800 962 834 nunc
999 785 1242 836 Veronae
1278 783 1386 850 (VI
1402 784 1535 833 8488
1570 783 1705 833 vidit
1738 781 2067 849 Mommsen).

568 919 742 990 1668
806 923 862 983 d.
895 941 971 983 m.
1011 920 1023 1004 Ι
1061 923 1128 984 Τ.
1161 922 1249 983 Fl.
1274 920 1425 982 Vero
1452 921 1600 1000 Aug.
1637 918 1646 1003 Ι
1679 919 1803 995 uh„
1836 920 1950 981 tab.
1983 929 2092 982 rat.
2132 924 2143 996 Ι
2183 921 2517 1000 aquarior.¹,
2552 919 2764 1003 cossiugi
2795 919 2950 979 bene

397 1019 690 1105 melrenti,
730 1025 741 1105 Ι
782 1022 1036 1107 Octalvia
1080 1024 1280 1087 Thetis
1317 1024 1327 1108 Ι
1369 1026 1408 1085 s.

392 1196 406 1205 υ
569 1124 967 1191 Puteolis-rep„
1006 1141 1151 1176 nunc
1175 1129 1231 1176 in
1255 1124 1458 1188 Anglia
1495 1123 1571 1190 (Χ
1591 1122 1721 1176 4745
1748 1140 1805 1189 p.
1827 1123 1918 1175 974
1957 1123 2237 1187 deser-ipsit
2262 1121 2579 1187 Michaelis).
2606 1150 2673 1159 -
2702 1123 2751 1184 1)
2782 1118 2953 1171 Tabu-

402 1209 542 1259 lart'o
576 1211 806 1260 rationis
842 1213 1212 1275 aquariorum.

568 1344 738 1414 1669
804 1349 859 1408 d.
906 1367 985 1408 m.
1032 1347 1261 1408 Flaviae
1307 1347 1539 1426 Helpidi
1586 1347 1828 1427 coniugi
1873 1345 2292 1417 sanctissimae,
2339 1344 2612 1406 Moschus
2655 1347 2801 1423 Aug.
2848 1343 2950 1405 lib.

398 1467 429 1508 a
474 1451 890 1511 commentaris
930 1467 1239 1529 aquarum.

567 1548 765 1600 Romae
800 1549 1055 1615 (V18487
1085 1547 1246 1599 semel
1278 1549 1544 1614 descripta
1579 1564 1716 1599 saec.
1752 1547 1898 1613 XV).

569 1701 739 1773 1616
805 1704 1031 1785 Agatho
1089 1704 1365 1783 aquarius
1416 1703 1767 1784 {Caesaris,
1824 1703 1935 1765 sibi
1996 1711 2053 1764 et
2098 1702 2324 1763 Anniae
2364 1699 2373 1783 Ι
2413 1702 2639 1780 Myrine
2696 1710 2754 1761 et
2809 1701 2948 1775 suiS,

410 1824 483 1867 ex
526 1816 691 1885 parte
730 1805 741 1888 Ι
780 1806 1020 1887 parietis
1063 1806 1318 1867 mediani
1362 1813 1422 1867 et
1457 1804 1468 1886 Ι
1507 1805 1640 1867 lecti
1686 1805 1866 1867 unius
1910 1812 1969 1865 et
2012 1803 2179 1866 ollar.
2227 1823 2289 1865 n.
2337 1809 2466 1877 (sic)

573 1905 768 1956 Romae
805 1906 1052 1971 (V18494
1089 1906 1230 1956 vidit
1260 1906 1577 1972 Bar-mann).

572 2055 737 2127 1611
805 2061 894 2121 dis
938 2060 1212 2122 manibus
1254 2078 1486 2121 sacrum
1525 2058 1536 2141 Ι
1576 2059 1818 2138 Euporo
1864 2076 2034 2120 servo
2081 2059 2249 2120 vilico
2284 2058 2416 2120 Cae.
2455 2057 2465 2141 Ι
2504 2059 2766 2137 aquario,
2815 2058 2951 2118 fecit

402 2161 667 2223 Vestoria
713 2161 1013 2242 Olympias
1057 2156 1505 2245 contublernali,
1549 2159 1660 2221 sibi
1705 2169 1766 2221 et
1809 2160 1931 2221 suis
1975 2162 2347 2248 posterisque
2386 2161 2396 2234 Ι
2436 2179 2663 2221 eorum.

570 2261 766 2312 Romae
800 2277 913 2327 rep.
948 2264 1105 2311 extra
1135 2265 1353 2326 portam
1390 2260 1658 2312 Salariam
1694 2258 1860 2320 (Bau.
1899 2274 2028 2311 com.
2065 2259 2192 2311 4886
2218 2276 2276 2326 p.
2309 2259 2460 2324 342).

570 2412 739 2483 1612
802 2416 859 2475 d.
905 2433 984 2475 m.
1023 2413 1032 2497 Ι
1073 2412 1292 2475 Sabbio
1339 2413 1501 2475 Caes.
1549 2432 1608 2473 n.
1653 2433 1702 2474 s.
1742 2412 1753 2492 Ι
1789 2413 1941 2473 vilic.
2000 2431 2186 2491 aquae
2232 2414 2532 2488 Claudiae,
2586 2412 2597 2488 Ι
2649 2413 2785 2474 fecit
2838 2412 2950 2474 sibi

401 2526 461 2578 et
502 2517 713 2578 Fabiae
751 2515 761 2599 Ι
802 2515 1185 2577 verecundae
1229 2515 1469 2594 coniug.
1508 2511 1519 2596 Ι
1558 2531 1719 2587 suae,
1767 2532 1900 2575 cum
1947 2533 2063 2593 qua
2107 2515 2246 2575 vixit
2283 2512 2293 2596 Ι
2332 2517 2505 2577 annis
2532 2515 2733 2589 XXIV,
2778 2533 2953 2578 sanc-

398 2619 671 2690 tissimae,
720 2625 778 2678 et
820 2617 1048 2678 libertis
1092 2614 1491 2701 libertalbusq.
1539 2617 1684 2689 eius,
1732 2627 1792 2676 et
1826 2615 2036 2678 vikaris
2073 2616 2084 2701 Ι
2123 2617 2263 2690 suiS‚
2309 2618 2680 2698 posterisque
2726 2614 2951 2699 eolrum

401 2722 699 2793 omnium,
754 2721 815 2781 in
867 2721 878 2801 Ι
927 2730 1094 2801 parte
1151 2720 1389 2781 dimidia
1433 2738 1557 2781 sua.
1663 2725 1852 2790 (quta
1889 2728 1948 2775 in
1983 2726 2163 2777 eadem
2201 2727 2408 2793 tabula)
2454 2720 2512 2780 d.
2556 2740 2633 2781 m.
2676 2719 2686 2803 Ι
2726 2722 2952 2799 Sporus

400 2823 563 2885 Caes,
609 2841 670 2882 n.
716 2842 762 2883 s.
805 2821 814 2903 Ι
853 2822 1005 2883 vilic.
1051 2840 1237 2902 aquae
1269 2821 1561 2895 Claudiae,
1601 2819 1611 2903 Ι
1651 2820 1791 2882 fecit
1832 2819 1944 2881 sibi
1984 2829 2044 2881 et
2074 2820 2346 2884 Claudiae
2385 2820 2396 2905 Ι
2437 2822 2757 2884 Hermione
2802 2839 2950 2882 con-

399 2926 520 3006 iugi
558 2922 569 3007 Ι
608 2941 746 2985 suae
790 2924 1212 2997 sanctissimae,
1252 2922 1264 3005 Ι
1303 2931 1362 2984 et
1402 2908 1630 2983 libertis
1674 2920 2074 3005 libertalbusq.
2114 2922 2241 2984 eius
2272 2931 2331 2983 et
2359 2924 2569 2985 vikaris
2598 2924 2720 2985 suis
2751 2930 2951 3003 poste-

402 3028 600 3106 risque
641 3024 650 3106 Ι
690 3044 897 3087 eorum
945 3026 1228 3100 omnium,
1268 3025 1279 3107 Ι
1317 3026 1379 3086 in
1425 3034 1592 3105 parte
1635 3024 1872 3085 dimidia
1914 3042 2041 3086 sua.

568 3126 780 3187 Itomae,
817 3141 960 3176 nunc
998 3125 1189 3180 Urbini
1222 3125 1477 3193 (V18495
1511 3124 1651 3175 vidit
1681 3123 2001 3191 Bormam).

565 3277 733 3350 1613
798 3279 852 3340 d.
919 3299 1000 3340 m.
1051 3283 1062 3357 Ι
1115 3279 1353 3341 Clemeti
1415 3284 1541 3352 (sic)
1604 3276 1936 3363 Caesarium
2007 3299 2067 3341 n.
2121 3298 2292 3341 servo
2364 3276 2710 3362 castelllario
2764 3296 2952 3357 aquae

401 3378 714 3468 Cllaudiae,
760 3382 899 3444 fecit
943 3378 1195 3465 Clau'dia
1240 3380 1551 3443 Sabbathis
1596 3392 1655 3443 et
1697 3380 1826 3464 silbi
1872 3391 1932 3444 et
1974 3383 2114 3445 suiS.

567 3481 765 3533 Romae
800 3482 1051 3545 (V18494
1086 3482 1223 3532 vidit
1255 3480 1510 3545 Henzen).

572 3632 739 3704 1614
805 3635 948 3697 Iulia
996 3636 1057 3697 C.
1104 3636 1142 3696 l.
1189 3636 1432 3702 Zosime.
1478 3634 1487 3719 Ι
1527 3637 1734 3699 Suavis
1778 3636 2039 3699 Caesaris
2077 3631 2089 3719 Ι
2125 3655 2306 3717 supra
2348 3637 2608 3698 formas.¹

574 3736 772 3787 Romae
807 3735 916 3803 (VI
932 3737 1061 3789 8497
1083 3736 1363 3803 descripsit
1385 3734 1699 3805 Detlefsen).
1723 3766 1793 3775 —
1821 3740 1868 3802 1)
1894 3737 2217 3788 Formarum
2251 3737 2504 3787 vocabulo
2541 3735 2774 3799 fortasse
2808 3739 2951 3785 recle

405 3821 687 3872 Homerum
721 3823 807 3873 liic
841 3821 1149 3887 significari
1177 3826 1336 3886 putat
1371 3837 1505 3887 opus
1538 3822 1924 3887 aquaeductus,
1958 3826 2020 3872 ue
2046 3825 2247 3885 passim
2282 3826 2456 3872 aetate
2488 3823 2707 3872 labente.

576 4142 743 4212 1615
810 4154 1030 4214 (taurus
1063 4150 1296 4202 Mithrae
1341 4150 1670 4218 immolatus)
1703 4145 1827 4207 Soli
1859 4146 2075 4208 invicto
2106 4145 2217 4208 deo
2255 4142 2267 4228 Ι
2306 4147 2593 4207 Atimetus
2624 4147 2811 4225 Augg.
2844 4164 2949 4206 nn.

402 4266 515 4309 ser.
561 4255 670 4308 aet.
709 4249 720 4325 Ι
756 4244 1135 4328 praediorum
1180 4244 1704 4308 Romanianorum.

572 4346 767 4398 Romae
801 4345 911 4414 (VI
937 4346 1035 4397 724
1074 4346 1210 4395 vidit
1242 4345 1497 4413 Henzen).

575 4497 745 4568 1616
807 4501 863 4562 d.
894 4520 975 4562 m.
1015 4499 1024 4582 Ι
1066 4499 1397 4563 Crescentis
1429 4504 1662 4584 nepoti¹
1701 4500 2030 4585 Fortuluati
2061 4502 2322 4565 Caesaris
2360 4499 2371 4585 Ι
2411 4520 2469 4563 n.
2499 4519 2614 4563 ser.
2648 4496 2955 4580 exactolris

404 4602 778 4682 praediorum
819 4601 832 4683 Ι
870 4603 1330 4665 Lucilianorum.

572 4703 787 4767 Romae,
821 4719 968 4754 nane
1002 4701 1234 4766 Neapoli
1269 4702 1379 4769 (VI
1405 4706 1543 4757 8683*
1578 4706 1716 4757 vidit
1750 4704 2082 4771 Mommsen).
2119 4733 2185 4742 —
2228 4707 2274 4766 1)
2311 4704 2428 4756 Ser.
2462 4703 2681 4771 nepotis.
