3432 5387
595 366 720 427 520
1713 361 1895 432 Caput
1927 360 2021 416 IX.

766 537 830 588 In
865 535 1159 586 Britannia
1193 537 1463 601 repertum
1499 536 1651 583 trans
1685 532 1887 584 vallum
1924 530 2191 581 Hadriani
2237 531 2353 582 Ioco
2389 529 2534 580 dicto
2568 527 2846 597 Netherby
2893 528 2983 596 (V
2977 531 3036 581 II
3064 534 3164 584 965

600 623 769 674 deser.
804 621 1020 684 Bruce).
1052 647 1122 657 —
1173 620 1220 684 1)
1254 619 1319 671 A.
1354 619 1463 670 222
1511 618 1730 680 (omisso
1766 618 1981 667 nomine
2014 615 2332 682 Elagabali,
2378 629 2498 665 cum
2544 630 2648 681 quo
2684 615 3007 666 Alexander
3042 632 3167 667 con·

591 702 828 759 'sulatum
868 704 1110 763 inierat).

761 843 934 914 2620
997 844 1139 924 imp.
1199 842 1360 903 Caes.
1417 839 1496 901 Μ.
1554 840 1690 903 Ant.
1749 837 2099 920 Gordia1nus
2160 840 2223 900 P.
2285 838 2543 918 F.‘Aug.
2603 837 2884 899 balneum
2942 858 3083 900 cum
3145 840 3154 917 ,¹

599 947 841 1010 basilica
886 966 921 1008 a
964 945 1092 1007 solo
1138 943 1416 1005 instruxit
1451 937 1464 1025 Ι
1501 960 1612 1022 per
1640 941 1793 1021 Egn.
1827 940 2194 1003 Lucilianum
2225 940 2337 1021 leg.
2368 942 2518 1021 Aug.
2557 938 2568 1024 Ι
2606 959 2700 1021 pr.
2745 959 2860 1020 pr.‚
2907 950 3156 1002 curante

593 1050 669 1111 M.
715 1051 857 1111 Aur.
897 1047 909 1130 Ι
947 1046 1199 1119 Quirino
1243 1045 1391 1125 pref.
1439 1048 1565 1115 (sic)
1610 1044 1745 1104 coh.
1789 1042 1816 1103 l
1862 1043 1927 1104 L.
1975 1043 2136 1104 Gor.¹

761 1148 929 1219 2621
1000 1150 1141 1228 imp.
1190 1147 1400 1208 Caesar
1449 1145 1525 1206 M.
1572 1145 1868 1206 Antonius
1920 1143 1930 1225 Ι
1984 1145 2317 1206 Gordianus
2371 1145 2437 1206 P.
2482 1144 2548 1205 F.
2596 1146 2741 1225 Aug.
2797 1143 2809 1223 Ι
2859 1145 3157 1225 principia

594 1264 654 1315 et
697 1248 1166 1335 armamenfltaria
1210 1248 1488 1328 conlapsa
1531 1243 1808 1329 restitulit
1847 1266 1958 1327 per
1987 1245 2318 1308 Maecilium
2359 1246 2615 1308 Fuscum
2660 1247 2769 1325 leg.
2812 1244 2823 1328 Ι
2868 1250 3020 1326 Aug.
3066 1265 3156 1326 pr.

596 1374 713 1435 pr„
758 1363 1005 1416 curante
1050 1352 1125 1413 M.
1172 1351 1315 1412 Aur.
1355 1346 1367 1432 Ι
1406 1348 1655 1421 Quirino
1702 1365 1792 1427 pr.
1839 1349 1972 1410 coh.
2019 1349 2045 1409 1
2089 1350 2156 1409 L.
2202 1348 2363 1410 Gor.¹

761 1456 825 1506 In
848 1454 1139 1505 Britannia
1163 1466 1273 1501 non
1298 1449 1456 1514 longe
1479 1466 1511 1500 a
1535 1449 1678 1501 vallo
1702 1448 1987 1513 Hadriani,
2013 1449 2127 1500 ioco
2152 1448 2294 1501 dicto
2320 1448 2641 1500 Lancliester
2665 1450 2858 1514 (prope
2882 1448 3154 1509 Barbam}

589 1555 704 1606 rep.
760 1538 891 1605 (VII
930 1539 1042 1590 445.
1087 1538 1181 1589 446
1234 1535 1373 1586 vidit
1421 1533 1705 1591 Huebner).
1749 1561 1820 1572 —
1867 1535 1917 1598 1)
1960 1531 2239 1595 Praefecto
2293 1535 2529 1587 cohortis
2577 1537 2790 1600 primae
2843 1532 3155 1598 Lingonum

595 1623 917 1677 Gordianae.

761 1743 933 1815 2622
998 1745 1062 1805 P.
1079 1744 1202 1804 Ael.
1228 1741 1601 1804 Antonianas
1627 1734 1845 1824 [erib.]¹
1874 1737 1881 1821 Ι
1911 1740 2041 1801 coh.
2067 1739 2147 1799 ΠΙ
2173 1738 2343 1802 Coll.²
2368 1738 2395 1808 ,Ι
2422 1737 2451 1804 ‚¹
2475 1737 2502 1805 ,Ι
2525 1736 2551 1806 ,Ι
2576 1737 2598 1806 ‚¹
2627 1738 2641 1806 ἱ
2680 1739 2698 1806 ‚l
2732 1737 2753 1807 ,1
2782 1737 2808 1807 ,l
2835 1738 2844 1823 Ι
2878 1738 2902 1804 ,Ι
2934 1738 2954 1805 ,1
2986 1745 3006 1806 ,Ι
3040 1740 3063 1806 ,Ι
3092 1740 3153 1804 ‚1⁸

594 1858 824 1929 portam
869 1846 1222 1928 praetoriam
1260 1843 1271 1928 Ι
1309 1862 1444 1905 cum
1491 1851 1656 1903 turre
1701 1858 1735 1901 a
1765 1841 2155 1903 fundamento
2192 1839 2203 1924 Ι
2242 1845 2576 1925 sumptibus
2605 1845 2728 1906 suis
2760 1854 2819 1905 et
2855 1844 3152 1925 instansstia

587 1950 908 2024 fabricavit,
953 1949 1146 2010 Tusco
1195 1957 1253 2008 et
1295 1946 1474 2007 Basso
1519 1944 1665 2005 cos.⁴

760 2052 822 2101 In
858 2052 977 2100 vico
1012 2047 1309 2113 Bulgariae
1345 2044 1624 2095 Kutlovica
1669 2042 1783 2108 (111
1814 2042 1867 2094 S.
1902 2044 2032 2095 7430
2068 2044 2206 2095 vidit
2237 2044 2679 2109 Domaszewski).
2721 2074 2789 2083 —
2843 2048 2894 2108 1)
2932 2047 3154 2113 Supple-

589 2137 668 2184 vit
699 2133 1112 2184 Domaszewski.
1138 2159 1198 2169 —
1240 2132 1290 2194 2)
1317 2129 1515 2181 Cohors
1548 2130 1679 2179 haec
1713 2130 1873 2179 tertia
1913 2128 2042 2181 0011.
2076 2132 2283 2194 ignota.
2308 2158 2376 2170 -
2411 2131 2464 2194 3)
2497 2130 2674 2181 Erato
2710 2130 2963 2182 tridentin
3000 2149 3151 2185 voea-

588 2219 715 2269 bula
749 2217 1052 2270 valerianae
1086 2216 1362 2269 Gallienae.
1384 2243 1454 2253 —
1490 2215 1541 2277 4)
1574 2212 1640 2264 A.
1674 2212 1797 2265 238.

756 2417 929 2489 2623
993 2421 1039 2483 1.
1073 2441 1127 2481 o.
1152 2439 1230 2480 m.
1262 2414 1632 2505 ve[xi]{llatio
1664 2415 1967 2503 Retolrum
1988 2418 2232 2489 Gaesa.¹‚
2265 2416 2275 2503 Ι
2310 2437 2367 2498 q.
2401 2439 2453 2481 c.
2484 2420 2561 2481 a.²
2589 2420 2699 2482 Iul.
2731 2417 2743 2503 Ι
2778 2420 2983 2483 Sever.
3013 2424 3146 2485 trib.

759 2522 1035 2587 Jedburgli
1061 2518 1551 2589 (Rooeburgluliire)
1590 2521 1648 2569 in
1672 2517 1856 2569 Scotia
1879 2519 2227 2569 meridionali
2248 2534 2358 2585 rep.
2397 2518 2556 2585 (ΕρΙι.
2593 2536 2671 2585 ep.
2705 2521 2753 2582 7,
2787 2521 2921 2573 4092
2956 2524 3148 2573 Ham

589 2606 721 2679 field
752 2608 890 2658 vidit
925 2610 1212 2674 ectypum).
1251 2633 1317 2641 —
1357 2606 1404 2670 1)
1438 2602 1729 2655 Raetorum
1756 2608 2106 2668 gaesatorum
2152 2604 2209 2653 in
2245 2602 2537 2654 Britannia
2579 2610 2863 2670 praeterea
2902 2612 3147 2660 metninit

589 2691 782 2744 titulus
808 2691 861 2744 C.
889 2691 937 2745 V
938 2692 992 2744 11
1014 2693 1143 2744 4002
1157 2709 1177 2753 ,·
1203 2696 1435 2743 ceterum
1460 2687 1530 2751 cfi
1557 2690 1620 2740 de
1644 2690 1721 2740 eis
1744 2689 1850 2741 Mo.
1880 2689 2050 2739 Herm.
2069 2688 2139 2740 22
2161 2705 2217 2754 p.
2234 2690 2348 2740 549.
2367 2718 2430 2726 —
2457 2690 2509 2754 2)
2536 2689 2775 2753 Quorum
2800 2709 2992 2745 curam
3015 2700 3141 2761 agit.

752 2824 930 2898 2624
993 2829 1278 2909 Nymphis
1322 2847 1382 2888 n.
1422 2826 1431 2910 Ι
1472 2827 1724 2888 Britton.
1767 2825 1777 2909 Ι
1814 2826 2168 2905 Triputien.¹
2208 2824 2221 2906 Ι
2259 2824 2369 2887 sub
2412 2844 2553 2887 cura
2592 2824 2603 2908 Ι
2642 2828 2718 2887 Μ.
2750 2828 2886 2910 Ulpi
2917 2827 3137 2912 Malcfhi

587 2945 620 2983 ⁷
670 2930 782 3008 leg.
828 2929 989 2990 XXII
1033 2931 1128 2991 Pr.
1173 2950 1233 3010 p.
1282 2931 1320 2990 f.

759 3031 922 3095 Apud
964 3031 1376 3081 Amen-bachium
1421 3032 1480 3078 in
1519 3028 1743 3079 Othonis
1777 3027 1939 3093 silva,
1981 3031 2019 3082 i.
2057 3044 2100 3077 e.
2145 3027 2449 3078 Amorbaclz
2492 3032 2566 3079 im
2605 3029 2889 3081 Odenwald
2930 3030 3135 3096 (Bram-

585 3116 719 3166 bach
742 3114 867 3165 4745
892 3131 962 3165 ea·
983 3115 1242 3181 Apiano).
1266 3143 1332 3153 —
1361 3114 1407 3178 1)
1431 3112 1699 3163 Numerus
1722 3112 2032 3164 Brittonum
2061 3111 2497 3178 Triputieneium.
2555 3113 2639 3164 Ab
2663 3115 2859 3164 eisdem
2882 3117 3133 3166 Brittoni-

583 3201 680 3250 bus
721 3197 1147 3265 Tm'putiensibus
1181 3200 1281 3250 alii
1314 3199 1464 3249 tituli
1492 3200 1659 3263 positi
1691 3202 1818 3247 sunt
1851 3200 1911 3248 in
1946 3198 2128 3249 eadem
2157 3203 2318 3264 parte
2353 3198 2542 3248 limitis
2578 3198 2908 3265 Germanici,
2950 3217 3019 3250 εει·
3050 3202 3128 3250 liis

580 3299 738 3347 unus,
774 3287 870 3352 qui
903 3299 1076 3350 nuper
1103 3284 1314 3351 prodiit
1336 3283 1664 3347 Hesselbaclz,
1697 3285 2018 3347 imperatori
2042 3283 2315 3334 Antonino
2342 3283 2438 3334 Pio
2474 3300 2523 3336 a.
2548 3283 2671 3347 446,·
2706 3282 2777 3345 cl'.
2816 3286 3121 3336 Hammeran

582 3367 844 3422 Korn-Bi.
880 3369 930 3422 d.
975 3368 1171 3421 Westd.
1207 3369 1464 3421 Zeitscler.
1495 3368 1625 3418 4889
1656 3383 1710 3433 p.
1734 3367 1843 3419 464.
1904 3367 2110 3419 Nomen
2152 3367 2572 3435 Triputiensium
2607 3368 2858 3420 videntur
2891 3372 3118 3421 habuisse

582 3470 615 3504 a
651 3452 766 3505 loco
803 3454 986 3518 aliquo
1023 3456 1082 3504 in
1116 3454 1285 3504 limite
1316 3456 1439 3518 sito,
1471 3454 1566 3502 ubi
1600 3453 1954 3514 tetenderunt,
1992 3449 2064 3512 cf.
2102 3451 2391 3502 Mommsen
2427 3452 2603 3505 Herm.
2629 3453 2695 3504 49
2722 3469 2780 3519 p.
2804 3455 2912 3506 223
2944 3458 3044 3505 not.
3065 3454 3115 3514 2,

579 3537 979 3589 Damam—wila·
1013 3537 1270 3591 Korn-Bt.
1307 3538 1355 3590 d.
1397 3537 1597 3590 Westd.
1631 3537 1892 3589 Zeitsclzr.
1927 3537 2057 3588 4889
2087 3552 2143 3601 p.
2178 3538 2259 3601 49,
2295 3538 2420 3586 item
2458 3534 2610 3596 infra
2647 3537 2721 3587 ad
2753 3537 2821 3590 N.
2860 3540 2996 3593 2765.

750 3672 921 3743 2625
986 3674 1280 3737 Mercurio
1312 3676 1460 3755 Aug.
1506 3693 1622 3736 sac.
1663 3681 1673 3756 Ι
1711 3693 1821 3754 pro
1867 3675 2054 3736 salute
2098 3676 2237 3754 imp.
2285 3674 2551 3736 Caesaris
2594 3674 2669 3735 M.
2704 3676 2921 3759 Aurelii
2952 3680 3118 3737 Auto-

583 3776 714 3838 nini
772 3779 920 3855 Aug.
977 3776 1091 3850 Pii,
1159 3777 1235 3838 M.
1295 3776 1527 3838 Annius
1593 3774 1602 3857 Ι
1669 3777 1881 3838 Valens
1939 3792 1972 3836 γ
2024 3776 2134 3857 leg.
2192 3776 2307 3836 111²
2367 3777 2536 3857 Aug„
2593 3779 2965 3857 praepositus
3009 3777 3019 3859 Ι
3066 3797 3113 3838 n.

580 3872 1111 3964 Palm[yre]norum
1127 3878 1169 3953 ²,
1215 3897 1336 3974 pro⁴
1370 3878 1557 3940 salute
1596 3877 1608 3959 Ι
1645 3897 1752 3940 sua
1797 3888 1857 3940 et
1901 3898 2143 3941 suorum
2189 3898 2241 3940 v.
2286 3899 2332 3939 s·
2379 3879 2419 3938 l.
2464 3897 2518 3939 a.

752 3978 815 4029 In
849 3977 1109 4030 Numidia
1144 3995 1285 4045 rep„
1334 3978 1446 4030 loco
1484 3978 1625 4029 dicto
1662 3978 2025 4043 et-Kantara‚
2072 3983 2148 4028 est
2181 3978 2411 4029 Bislrrae
2459 3978 2624 4044 (VIII
2649 3980 2784 4032 2486
2831 3979 2901 4040 cf.
2932 3998 2985 4047 p.
3015 3980 3119 4041 953,

579 4063 717 4130 Epa.
754 4079 833 4129 ep.
867 4066 920 4124 ὅ,
954 4063 1050 4115 705
1085 4064 1336 4114 viderunt
1377 4062 1679 4115 Wilmanns
1713 4068 1766 4114 et
1802 4063 2088 4131 Schmidt).
2126 4092 2190 4100 —
2244 4066 2290 4128 1)
2335 4062 2633 4114 Numerum
2667 4080 2880 4115 erasum
2915 4082 3018 4116 esse
3050 4067 3118 4113 in-

581 4148 728 4199 dicat
756 4148 1073 4201 Wilmanns.
1097 4176 1165 4186 —
1195 4150 1246 4212 2)
1269 4147 1538 4199 Numerus
1560 4148 2003 4216 Palmyrenorum
2039 4151 2201 4199 etiam
2236 4148 2374 4199 alios
2409 4148 2597 4199 titulos
2629 4149 2851 4215 reliquit
2889 4155 2949 4201 in
2972 4151 3121 4202 limite

577 4231 883 4298 Numidiae,
918 4231 989 4294 cf.
1030 4232 1081 4285 C.
1123 4232 1254 4285 VIII
1279 4250 1334 4299 p.
1372 4233 1511 4287 4077.

750 4368 922 4438 2626
985 4370 1030 4430 Ι.
1079 4391 1135 4430 o.
1182 4390 1260 4430 m.
1301 4368 1311 4452 Ι
1352 4379 1411 4431 et
1455 4370 1585 4431 Iun.
1633 4388 1776 4449 reg„
1827 4368 1838 4451 Ι
1878 4369 2130 4430 Finitius
2175 4366 2405 4451 Fildelis
2448 4368 2571 4430 mil.
2610 4367 2621 4450 Ι
2675 4389 2734 4429 n.
2782 4368 3121 4451 Gaddalren-

580 4471 768 4533 sium¹
808 4469 817 4552 Ι
858 4473 918 4532 in
966 4490 1074 4533 suo
1112 4469 1122 4553 Ι
1163 4472 1337 4551 posit,
1377 4469 1388 4555 Ι
1430 4472 1617 4533 Fusco
1664 4480 1723 4533 et
1761 4468 1771 4552 Ι
1812 4472 2028 4531 Dextro
2076 4469 2223 4534 coe.²

754 4569 930 4621 Kastel
954 4587 1125 4638 prope
1162 4572 1567 4636 Moguntiacum
1604 4571 1932 4637 (Brambacli
1955 4569 2084 4621 4547
2120 4572 2216 4634 qui
2239 4570 2380 4620 vidit
2400 4574 2693 4638 ectypum).
2716 4598 2781 4608 --
2815 4573 2865 4631 1)
2889 4568 3122 4637 ΕΑΒΒΑΙ-

579 4653 872 4707 RENSIVM
910 4657 1078 4724 lapis,·
1124 4659 1160 4707 Β
1196 4659 1353 4722 signo
1389 4659 1448 4707 in
1485 4656 1658 4707 titulis
1697 4656 2016 4708 Germaniae
2052 4658 2103 4704 et
2139 4653 2346 4705 Galliae
2391 4671 2503 4705 non
2547 4671 2677 4706 raro
2725 4656 3065 4721 significatur
3092 4652 3120 4703 d

577 4742 809 4806 spirans.
881 4741 1025 4791 Idem
1059 4757 1314 4792 numerus
1347 4746 1676 4792 memoratur
1711 4744 1769 4792 in
1807 4742 1964 4792 titulo
2004 4737 2430 4806 Moguntiacemi
2463 4739 2763 4792 Brambacli
2793 4741 2950 4806 4293,
2984 4752 3123 4806 quem
