3432 5387
1302 410 1474 467 Tituli
1509 412 1789 468 militares.
2700 413 2824 472 499

263 599 376 635 non
411 584 657 649 intellegi
683 586 912 650 possint,
947 586 1006 634 in
1032 585 1114 635 liis
1136 582 1504 649 fragmentum
1525 585 1770 636 additum
1794 602 1827 636 a
1852 585 2124 651 Purgoldo
2150 585 2265 651 eph.
2289 602 2368 653 ep.
2391 585 2440 651 7,
2461 585 2605 652 564).
2667 586 2830 639 Trac-

263 673 404 722 tavit
445 670 662 720 Dehner
696 668 966 719 Hadriani
1010 668 1275 734 reliquiae
1316 671 1590 734 particula
1626 671 1657 721 I
1700 670 1850 737 (diss.
1894 670 2066 722 Bonn.
2100 671 2275 734 4875).
2313 699 2377 709 --
2427 672 2600 723 Verba
2644 670 2829 733 facere

262 756 605 807 Hadrianum
639 768 783 805 anno
815 751 933 814 fere
953 754 1056 805 429
1080 753 1360 817 colligitur
1381 770 1451 805 ecc
1485 759 1751 807 mentione
1777 756 2040 809 Catullini
2068 755 2237 821 legati
2273 754 2370 817 (cf.
2396 753 2547 816 infra
2581 760 2694 807 not.
2719 756 2826 820 48).

265 842 329 892 In
363 838 551 901 fronte
586 840 728 890 basis
761 838 1014 889 videntur
1046 842 1355 905 perscripta
1397 837 1569 900 fuisse
1614 841 1774 891 verba
1819 838 1975 901 facta
2023 842 2087 892 ab
2126 839 2401 891 Hadriano
2439 840 2717 892 Lambaesi
2755 841 2833 892 ad

263 928 530 992 legionem
572 926 790 975 tertiam
823 923 1155 988 Augustam,
1197 926 1257 973 in
1294 922 1551 975 lateribus
1582 926 1746 975 verba
1783 928 1973 990 quibus
2007 926 2147 976 idem
2181 924 2464 976 adlocutus
2497 930 2577 976 est
2611 924 2828 976 auxilia

262 1013 536 1063 exercitus
557 1008 815 1071 Africani
844 1013 953 1059 tam
975 1008 1259 1060 Lambaesi
1280 1024 1440 1073 quam
1475 998 1599 1059 aliis
1636 1009 1767 1061 locis
1800 1011 2091 1064 tendentia.
2119 1039 2179 1047 —
2222 1013 2270 1075 1)
2306 1011 2648 1076 Intellegitur
2681 1011 2827 1076 lega-

263 1102 368 1160 tus,
403 1097 467 1145 de
501 1111 604 1161 quo
641 1092 792 1155 infra
826 1098 936 1144 not.
961 1093 1041 1144 48.
1063 1120 1135 1131 -
1171 1094 1220 1156 2)
1257 1092 1338 1142 De
1372 1094 1472 1144 hoc
1507 1095 1673 1160 legati
1705 1093 2001 1146 Numidiae
2037 1111 2168 1161 erga
2194 1082 2570 1162 proconsulem
2601 1094 2829 1157 Africae

265 1180 452 1244 officio
499 1183 618 1245 agit
653 1178 974 1243 Marquardt
1008 1178 1240 1229 Staatsv.
1275 1177 1341 1227 1²
1381 1194 1444 1245 p.
1478 1180 1589 1231 469.
1627 1207 1693 1217 ·-
1731 1183 1783 1244 3)
1816 1181 2175 1246 Intellegentia
2212 1185 2291 1232 est
2332 1186 2428 1232 aut
2476 1180 2616 1246 legio
2661 1183 2824 1232 tertia

267 1266 474 1318 Gallica
511 1270 609 1316 aut
644 1265 804 1314 tertia
840 1263 1153 1330 Cyrenaica.
1193 1292 1253 1299 —
1290 1266 1343 1326 4)
1378 1263 1460 1313 De
1494 1267 1885 1317 mutationibus
1921 1270 2219 1317 castrorum
2264 1269 2535 1318 exercitus
2567 1264 2830 1327 Africani

265 1350 335 1411 cf.
384 1350 488 1402 Mo.
538 1350 590 1401 C.
629 1347 766 1399 VIII
800 1363 854 1413 p.
890 1346 1016 1399 XXI
1055 1351 1167 1399 not.
1201 1350 1247 1399 4.
1293 1375 1365 1387 -
1409 1352 1460 1411 5)
1505 1350 1729 1416 Equites
1764 1350 1901 1417 (vel:
1949 1351 2237 1418 equitibus)
2288 1351 2517 1417 legionis
2568 1354 2673 1419 (eq.
2725 1352 2826 1416 leg.

264 1450 492 1500 erasum,
528 1433 849 1498 temporibus
881 1435 996 1483 sine
1032 1433 1192 1483 dubio
1231 1431 1510 1496 Gordiani,
1547 1433 1618 1496 cll
1656 1435 1724 1487 N.
1745 1437 1885 1488 2296
1919 1442 2028 1487 not.
2062 1439 2119 1501 5,
2150 1436 2244 1486 sed
2276 1436 2387 1501 legi
2414 1439 2595 1502 potuit
2628 1453 2662 1487 a
2693 1435 2827 1488 Wl-

261 1519 557 1586 mannsio).
579 1546 648 1557 —
672 1520 724 1581 6)
745 1517 828 1568 De
850 1518 1178 1569 iaculatione
1193 1522 1427 1584 petrina,
1459 1521 1524 1570 de
1547 1536 1654 1585 qua
1677 1521 1951 1572 Arrianus
1978 1525 2101 1572 tact.
2123 1522 2208 1583 57,
2231 1524 2279 1586 4,
2303 1537 2465 1587 agere
2491 1521 2828 1573 Hadrianum

266 1606 342 1672 (et
371 1606 617 1671 petrinae
652 1602 967 1653 vocabulum
989 1603 1339 1669 supplendum
1364 1621 1472 1655 esse
1493 1606 1657 1655 initio
1692 1621 1879 1656 versus
1900 1606 2189 1673 sequentis)
2228 1611 2403 1657 censet
2423 1606 2641 1657 Deltner
2670 1623 2723 1672 p.
2749 1606 2829 1658 44.

264 1720 330 1730 ·-
368 1694 418 1754 7)
453 1689 543 1740 Ad
574 1692 728 1739 cuius
755 1691 975 1752 generis
1006 1689 1201 1739 milites
1235 1690 1365 1738 haec
1399 1691 1559 1741 verba
1593 1689 1746 1751 facta
1778 1694 1913 1753 sint,
1957 1706 2066 1742 non
2113 1695 2341 1757 apparet
2379 1692 2531 1754 (fieri
2558 1695 2734 1757 potest
2765 1695 2831 1742 ut

263 1775 632 1842 fragmentum
674 1771 943 1838 quoddam
989 1772 1348 1825 adlocutionis
1391 1792 1511 1826 cum
1559 1778 1828 1826 mentione
1877 1777 2113 1827 cohortis
2152 1776 2418 1827 secundae
2463 1778 2828 1842 Hispanorum

264 1861 547 1912 Lambaesi
579 1862 642 1907 ut
675 1857 891 1908 videtur
921 1858 1208 1921 tendentis,
1255 1857 1327 1920 cf.
1367 1860 1419 1911 C.
1456 1860 1594 1912 VIII
1622 1860 1782 1922 2787,
1822 1863 2200 1928 praecesserit,
2247 1864 2301 1910 et
2333 1863 2494 1913 verba
2529 1860 2680 1923 facta
2714 1863 2831 1911 sint

267 1947 342 1997 ad
375 1960 488 1995 eam
523 1944 814 2005 cohortem)
825 1961 846 2004 ,·
885 1944 985 1992 ltoc
1020 1948 1245 2009 apparet
1278 1947 1375 2009 agi
1409 1944 1474 1995 de
1505 1949 1804 1996 munitione
1839 1950 2141 1996 castron
2173 1946 2457 1997 subitaria.
2494 1974 2560 1984 —
2597 1947 2649 2010 8)
2683 1947 2829 1997 Haec

258 2032 534 2097 pertinere
557 2027 810 2078 videntur
842 2026 915 2076 ad
947 2025 1091 2077 alam
1114 2029 1368 2092 aliquam,
1403 2034 1465 2079 ut
1487 2029 1676 2094 colligi
1701 2034 1879 2095 potest
1908 2046 1977 2081 ex
2010 2032 2277 2081 mentione
2303 2029 2576 2096 praefecti
2606 2035 2661 2080 et
2680 2033 2829 2095 equi-

268 2120 404 2177 tum,
449 2119 501 2164 et
539 2115 774 2164 maxime
819 2128 889 2161 ecc
935 2115 1202 2163 mentione
1239 2104 1434 2164 ‘alaris
1477 2104 1915 2166 exercitationis'
1974 2112 2128 2175 infra
2178 2111 2273 2174 (cll
2322 2118 2433 2169 not.
2478 2114 2564 2181 44)
2610 2116 2825 2167 iniecta.

267 2229 333 2239 —
369 2202 419 2264 9)
456 2199 685 2252 Videtur
717 2196 979 2247 excidisse
1013 2212 1205 2248 nomen
1240 2200 1505 2265 auctoris,
1541 2202 1693 2250 cuius
1722 2203 2008 2265 praecepta
2046 2197 2129 2248 vel
2161 2200 2316 2248 cuius
2352 2199 2690 2266 disciplinam
2721 2216 2824 2266 pro

266 2300 455 2337 norma
491 2284 679 2335 haberi
713 2282 884 2333 voluit
915 2284 1243 2334 Hadrianus.
1269 2313 1336 2322 —
1374 2287 1457 2347 10)
1481 2284 1655 2335 Zarai
1690 2284 1943 2349 oppidum
1973 2283 2281 2348 Numidiae,
2316 2299 2420 2349 quo
2457 2285 2573 2336 loco
2599 2285 2828 2335 Hadria-

267 2386 394 2420 num
429 2385 605 2419 mense
639 2369 779 2419 Iulio
815 2370 1084 2419 cohortem
1119 2369 1356 2434 aliquam
1392 2368 1702 2420 adlocutum
1739 2386 1848 2419 esse
1890 2368 2146 2419 videmus.
2183 2396 2249 2406 —
2287 2370 2372 2433 11)
2406 2369 2661 2435 Spectare
2694 2371 2827 2420 haec

270 2457 342 2507 ad
386 2457 593 2522 pedites
644 2455 879 2505 cohortis
928 2459 1114 2505 sextae
1160 2453 1634 2518 Commagenorum
1686 2453 1812 2504 inde
1863 2453 2048 2518 colligi
2085 2456 2286 2518 potest,
2340 2454 2485 2518 quod
2527 2458 2829 2519 sequuntur

267 2544 428 2592 verba
469 2539 624 2602 facta
673 2538 745 2588 ad
788 2540 989 2604 equites
1042 2538 1275 2589 eiusdem
1321 2540 1573 2591 cohortis.
1621 2566 1690 2577 —
1735 2539 1818 2603 12)
1864 2537 2049 2603 Campi
2093 2538 2151 2587 hi
2199 2543 2482 2603 praeterea
2522 2540 2716 2602 ignoti.
2757 2564 2829 2575 —

274 2630 354 2688 13)
398 2627 622 2691 Equites
666 2623 773 2689 (vel
783 2642 802 2673 .·
845 2624 1135 2688 equitibus)
1184 2625 1419 2675 cohortis
1466 2628 1653 2675 seaetae
1690 2622 2181 2688 Commagenorum.
2252 2622 2336 2672 Ea
2383 2624 2574 2673 cohors
2615 2622 2830 2672 videtur

269 2712 547 2763 tetendisse
580 2710 752 2760 Zarai
785 2711 844 2758 in
867 2707 1130 2760 Numidia
1168 2708 1265 2774 (cf.
1300 2709 1353 2763 G.
1395 2710 1523 2762 VIII
1556 2711 1733 2777 4526).
1766 2737 1837 2747 -
1875 2712 1955 2773 14)
1991 2710 2233 2774 Apparet
2268 2708 2607 2758 Hadrianum
2637 2707 2827 2772 paullo

268 2802 425 2848 antea
459 2797 776 2863 spectavisse
811 2799 1049 2860 equitum
1087 2793 1321 2845 alarium
1357 2797 1787 2847 exercitationes.
1822 2823 1889 2831 —
1929 2795 2009 2856 15)
2045 2793 2340 2858 Explicare
2383 2794 2514 2843 haec
2549 2794 2831 2856 temptavit

267 2882 483 2932 Deltner
514 2898 567 2948 p.
603 2881 683 2932 48.
751 2880 833 2929 De
871 2880 1194 2931 Cantabrico
1232 2878 1302 2980 c‘f.
1336 2880 1564 2932 Arrian.
1599 2885 1723 2932 tact.
1757 2882 1847 2930 40.·
1886 2874 1981 2933 ἐπὶ
2016 2871 2202 2951 τούτῳ
2246 2877 2306 2933 δὲ
2342 2874 2711 2946 Κανταβρική
2746 2893 2832 2939 τις

266 2964 587 3036 καλουμένη
621 2962 886 3028 ἐπέλασις
921 2964 1194 3035 γίγνεται,
1229 2956 1309 3028 ὡς
1342 2968 1533 3020 δοκεῖν
1568 2956 1824 3035 ἔμοιγε’
1787 2959 1905 3020 απὸ
1934 2956 2297 3033 Καντάβρων
2322 2953 2597 3033 Ἰβηρικοῦ
2628 2957 2831 3030 γένους

269 3055 443 3108 τοῦτο
492 3044 922 3120 ονομασθεῖσα,
972 3039 1063 3106 ότι
1107 3046 1333 3106 ἐκεῖθεν
1376 3041 1552 3119 αυτὴν
1597 3049 2037 3121 προσεποίησαν
2077 3046 2238 3118 σφίσι
2263 3044 2562 3115 Ῥωμαῖοι,
2610 3040 2724 3116 ἔχει
2770 3043 2832 3101 δὲ

270 3130 377 3212 ᾦδε
411 3141 529 3192 κτλ.
565 3166 625 3175 -
671 3139 754 3200 16)
791 3136 1016 3202 Equites
1061 3134 1239 3187 alares
1274 3140 1600 3202 quantopere
1643 3151 1806 3200 super
1852 3133 2152 3186 cohortales
2187 3136 2536 3194 eminuerint,
2582 3136 2833 3198 exposuit

268 3222 554 3274 Mommsen
579 3223 652 3273 ad
668 3236 939 3288 papyrum
968 3223 1102 3272 anni
1122 3220 1219 3273 456
1242 3237 1275 3271 a
1297 3238 1354 3271 se
1389 3221 1586 3272 editam
1622 3222 1763 3286 (eplz.
1798 3235 1878 3285 ep.
1911 3218 1944 3270 7
1970 3234 2029 3285 p.
2052 3219 2192 3286 465).
2215 3246 2284 3257 -
2311 3221 2394 3284 17)
2434 3217 2621 3270 Voluit
2654 3217 2831 3267 dicere

263 3311 468 3374 equites
501 3323 598 3359 suo
644 3307 841 3357 ardore
887 3309 1140 3369 evitasse,
1188 3313 1250 3358 ut
1290 3308 1556 3373 spectanti
1588 3303 1873 3366 fastidium
1907 3308 2233 3357 nasceretur.
2268 3332 2334 3342 —
2376 3305 2458 3367 18)
2493 3303 2831 3368 Intellegitur

271 3392 329 3455 Q.
353 3392 558 3443 Fabius
584 3391 902 3458 Catullinus,
937 3393 1145 3456 legatus
1175 3407 1277 3458 pro
1304 3394 1562 3457 praetore
1596 3393 1866 3441 exercitus
1898 3388 2158 3451 Africani
2200 3393 2338 3440 certe
2373 3406 2422 3439 a.
2459 3388 2559 3440 429
2594 3387 2674 3453 (G.
2702 3386 2836 3438 VIII

271 3478 456 3545 2555),
493 3478 683 3528 consul
716 3478 1028 3529 ordinarius
1064 3492 1113 3528 a.
1149 3476 1264 3529 450.

711 3836 919 3926 Alae,
979 3837 1312 3911 cohortes
1365 3834 1805 3924 auxiliariae,
1862 3834 2141 3909 numeri
2191 3835 2393 3908 varii.

436 3986 611 4057 2488
1051 4033 1064 4047 .
1115 4033 1129 4048 .
1178 4033 1192 4047 .
1241 3989 1330 4049 et¹
1376 3986 1635 4048 Sabino²
1676 3988 1864 4065 praes.
1912 4031 1928 4046 .
1976 4032 1992 4046 .
2035 4031 2051 4046 .

1155 4085 1552 4176 [aqusiliariei
1597 4083 1923 4173 Hispan[ei]

447 4191 509 4241 In
561 4190 800 4252 Sabinis,
845 4206 1014 4256 prope
1061 4190 1261 4240 rudera
1305 4190 1601 4254 Amiterni,
1647 4190 1763 4240 loco
1809 4189 1952 4239 dicto
1991 4187 2266 4239 Cavallari
2312 4186 2368 4247 (Ι
2396 4186 2545 4256 4295.
2590 4184 2668 4234 IX
2695 4185 2831 4236 4505

230 4300 233 4303 ’
269 4278 409 4327 vidit
444 4274 922 4338 Dressel5Ritscl1l
959 4277 1066 4326 tab.
1101 4273 1356 4326 LXXVII
1369 4275 1447 4341 d)
1480 4301 1552 4312 —
1598 4278 1645 4339 1)
1681 4276 1785 4325 Pro
1821 4281 1900 4337 et,
1949 4271 2094 4337 quod
2125 4273 2185 4321 in
2221 4270 2397 4336 lapide
2431 4249 2570 4319 vidit
2600 4269 2830 4335 Dressel‚

268 4363 371 4412 alii
407 4359 721 4412 exhibenti.
744 4388 813 4397 —
837 4362 889 4424 2)
923 4361 1079 4410 Hunc
1116 4376 1225 4410 esse
1260 4360 1539 4422 Sabinum,
1576 4375 1610 4409 a
1646 4375 1769 4425 quo,
1804 4362 1931 4408 teste
1963 4359 2213 4422 Appiano
2249 4357 2296 4408 b.
2333 4370 2376 4406 c.
2398 4358 2453 4421 5,
2473 4355 2595 4416 452,
2630 4370 2681 4408 a.
2703 4370 2758 4407 u.
2784 4370 2829 4407 c.

266 4446 365 4498 748
402 4444 641 4496 latrones
675 4446 858 4494 urbem
894 4444 1114 4496 Romam
1152 4449 1204 4494 et
1237 4445 1452 4494 Italiam
1488 4442 1808 4505 infestantes
1844 4442 2067 4493 coerciti
2098 4444 2244 4504 sunt,
2284 4443 2512 4491 coniecit
2542 4439 2831 4491 Mommsen

268 4531 500 4581 Staatsr.
536 4528 625 4580 ΙΙ3
657 4529 784 4581 4075
819 4535 929 4582 not.
964 4531 1011 4582 4.

438 4663 609 4734 2489
673 4668 949 4730 Herculei
995 4667 1052 4728 d.
1085 4662 1185 4753 [d.]
1225 4669 1236 4744 Ι
1275 4667 1489 4729 milites
1529 4659 1843 4750 Africa[ni]
1886 4661 1897 4746 Ι
1938 4662 2334 4736 Caeciliani&⁹
2374 4662 2384 4743 Ι
2421 4682 2575 4744 mag.
2606 4661 2832 4726 curavit

270 4767 280 4851 Ι
331 4770 394 4832 C.
442 4769 725 4832 Saltorius
769 4769 830 4832 C.
877 4771 917 4831 s.

2312 4862 2421 4916 32*
