3432 5387
91 5023 462 5188 fx

488 361 607 421 182
1634 364 1816 433 Caput
1849 364 1919 418 H.

481 565 548 574 —
584 536 636 596 3)
670 532 932 583 Dominus
965 540 1148 584 noster
1188 533 1511 585 Theodosius
1545 540 1597 585 et
1630 535 1847 586 domina
1886 539 2074 586 nostra
2106 535 2350 587 Eudocia
2385 538 2501 585 sine
2535 536 2697 587 dubio
2731 541 2861 587 sunt
2895 540 3056 602 impe·

481 624 639 671 rator
675 619 907 669 Orientis
935 616 1259 670 Theodosius
1293 621 1479 671 iunior
1514 625 1566 670 et
1603 623 1846 671 coniunoe
1881 622 1997 669 eius
2031 620 2314 684 Eudocia‚·
2348 621 2398 674 d.
2433 637 2488 672 n.
2524 621 2794 673 Arcadius
2828 625 2885 671 et
2917 620 2968 671 d.
3003 638 3058 673 n.

481 706 738 757 Eudoaefa
765 707 858 753 vix
878 708 1005 754 sunt
1027 706 1073 753 ii
1096 706 1192 770 qui
1214 709 1372 757 antea
1401 705 1864 770 Constantinopoli
1885 710 2272 768 regnaverunt,
2306 710 2351 757 ii
2373 710 2511 757 enim
2534 721 2700 772 supra
2724 707 2871 755 inter·
2893 707 3057 770 impe-

483 794 692 840 ratores
728 785 1008 847 defunctos
1043 792 1352 840 enumerari
1385 791 1708 853 debuerunt,
1758 796 1811 839 et
1844 795 2193 841 enumeratur
2228 792 2308 841 ibi
2342 792 2637 855 Arcadius,
2678 790 2772 840 sed
2803 790 3059 841 videntur

483 892 590 925 esse
627 872 912 924 Theodosii
946 877 1177 925 iunioris
1215 874 1387 939 liberi,
1423 892 1491 926 ex
1514 877 1707 942 quibus
1730 875 2003 926 Arcadius
2036 878 2153 925 sine
2187 877 2352 927 dubio
2386 876 2571 937 infans
2606 875 2893 937 defunctus
2926 893 3056 927 raro

482 963 828 1023 memoratur,
860 959 954 1009 sed
984 963 1160 1009 tamen
1184 966 1513 1010 memoratur
1547 963 1608 1010 in
1644 962 1885 1011 carmine
1919 962 1977 1010 in
2016 960 2289 1012 codicibus
2310 962 2586 1012 nonnullis
2615 964 2914 1027 praemisso
2942 977 3057 1010 cen-

482 1048 598 1096 toni
620 1045 825 1095 Probae
851 1043 1121 1109 (Schenkl,
1155 1050 1342 1109 poetae
1368 1046 1655 1095 christiani
1677 1048 1913 1095 minores
1941 1045 1973 1096 1
1997 1062 2054 1110 p.
2078 1047 2178 1097 368
2214 1045 2284 1107 cll
2317 1064 2373 1112 p.
2394 1049 2495 1098 515
2505 1066 2525 1108 ,·
2561 1045 2633 1107 cl'.
2658 1049 2821 1098 etiam
2852 1045 2901 1097 T
2895 1046 3060 1108 euffel

480 1130 614 1181 Lit.³
630 1132 665 1193 §
683 1132 805 1194 422,
820 1132 859 1182 5
874 1150 893 1192 ,·
917 1145 1042 1180 nam
1066 1131 1212 1195 quod
1235 1131 1463 1180 credunt
1489 1131 1585 1181 illo
1608 1132 1850 1181 carmine
1868 1130 2134 1196 appellari
2151 1146 2261 1181 non
2288 1129 2637 1182 Theodosium
2660 1135 3057 1196 imperatorem,

477 1215 572 1265 sed
600 1220 808 1280 patrem
846 1218 960 1264 eius
983 1215 1296 1277 Arcadium,
1333 1220 1384 1265 et
1417 1218 1632 1265 nomine
1654 1214 1887 1265 Arcadii
1916 1218 2143 1265 minoris
2164 1216 2476 1280 significari
2496 1219 2673 1282 ipsum
2702 1215 3059 1267 Theodosium

480 1300 717 1350 nondum
755 1303 968 1363 natum,
1015 1300 1076 1348 id
1120 1300 1283 1365 plane
1316 1299 1631 1350 incredibile
1665 1300 1800 1366 est),
1846 1300 2104 1351 Eudoxio
2141 1301 2323 1351 eadem
2358 1305 2433 1350 est
2467 1317 2603 1366 quae
2638 1303 2824 1368 nupsit
2861 1301 3062 1352 Valen-

483 1387 690 1434 tiniano
729 1384 815 1434 11!
844 1402 893 1436 a.
928 1387 1043 1437 457.

649 1520 776 1590 819
968 1523 1334 1584 Theodosius
1378 1532 1544 1602 pater
1589 1522 1849 1583 Eudocia
1896 1540 2033 1583 cum
2079 1523 2334 1601 coniuge
2376 1533 2577 1583 votum

907 1687 916 1698 ,
968 1644 1223 1704 cumque
1269 1644 1378 1686 suo
1422 1624 1672 1705 supplex
1720 1624 1985 1685 Eudoxia
2032 1624 2311 1685 nomine¹
2357 1625 2548 1686 solvit.

649 1723 851 1776 Romae
885 1727 943 1774 in
978 1725 1228 1775 ecclesiae
1264 1724 1318 1775 S.
1341 1726 1491 1775 Petri
1526 1728 1583 1774 in
1619 1725 1879 1774 vinculis.-
1911 1726 2148 1774 servavit
2181 1725 2351 1774 codex
2375 1725 2848 1777 laureshamensis
2884 1729 3059 1786 (nunc

483 1810 1078 1876 Vaticano-Palatinus)
1113 1826 1250 1863 saec.
1278 1810 1348 1860 IX
1387 1809 1477 1875 (de
1510 1808 1662 1860 Rossi
1708 1812 1870 1860 inser.
1916 1811 2029 1860 chr.
2064 1810 2119 1871 2,
2141 1810 2168 1860 Ι
2204 1825 2258 1874 p.
2281 1810 2395 1875 410,
2415 1813 2523 1873 66).
2558 1837 2624 1849 ——
2659 1811 3059 1876 Intelleguntm·

488 1895 810 1947 Theodosius
834 1899 1020 1945 iunior
1041 1901 1094 1945 et
1109 1895 1354 1946 Eudocia
1379 1897 1582 1945 coniux
1606 1898 1722 1944 eius
1742 1893 1838 1960 (cll
1856 1910 2022 1960 supra
2049 1892 2117 1946 N.
2127 1893 2286 1958 818,5
2280 1894 2311 1960 )
2332 1910 2621 1960 eorumque
2642 1895 2761 1958 filia
2781 1896 3057 1949 Eudoxio.

480 1979 765 2045 Inscriptio
799 1977 952 2039 l'acta
986 1984 1101 2030 sine
1135 1981 1296 2031 dubio
1333 1983 1480 2030 iussu
1518 1979 1805 2030 Eudooeiae
1839 2008 1906 2017 —
1942 1994 2069 2029 nam
2111 1977 2433 2030 Theodosius
2465 1984 2519 2029 et
2552 1981 2797 2031 Eudocia
2832 1980 3058 2033 Romam

480 2080 590 2114 non
627 2065 874 2115 viderunt
916 2094 983 2103 —
1020 2068 1146 2130 post
1188 2067 1405 2130 nuptias
1450 2063 1627 2126 factas
1674 2080 1793 2115 cum
1830 2063 2214 2115 Valentiniano
2251 2063 2335 2114 ΙΙΙ
2378 2063 2455 2129 (a.
2490 2065 2632 2132 437),
2666 2064 2899 2125 fortasse
2945 2083 3059 2118 non

480 2150 706 2199 multum
738 2155 861 2215 post
892 2153 1131 2216 nuptias,
1180 2165 1300 2199 cum
1336 2166 1479 2200 anno
1513 2150 1612 2201 459
1652 2150 1739 2199 vel
1769 2151 1862 2200 440
1897 2147 2094 2199 Romae
2136 2152 2440 2199 moraretur
2476 2145 2575 2215 (cl'.
2611 2150 2955 2202 Monsacrato
2992 2152 3060 2202 de

483 2237 684 2284 catenis
716 2234 773 2287 S.
812 2236 959 2285 Petri
988 2250 1042 2301 p.
1079 2233 1242 2302 XXI).
1318 2235 1511 2286 Votum
1558 2237 1908 2285 memoratum
1952 2249 1999 2284 v.
2037 2233 2065 2283 l
2111 2247 2239 2282 num
2283 2235 2358 2282 sit
2390 2239 2572 2285 votum
2608 2235 2883 2287 Eudociae
2927 2253 3059 2286 nar·-

481 2322 662 2368 ratum
696 2337 728 2370 a
768 2318 988 2371 Socrate
1024 2321 1147 2371 hist.
1182 2320 1305 2373 eccl.
1339 2320 1390 2385 7,
1423 2320 1484 2369 47
1521 2319 1608 2385 (ut
1641 2320 1814 2371 voluit
1850 2318 2266 2384 Monsacratus),
2301 2334 2411 2369 non
2449 2320 2703 2373 diiudieo.
2739 2350 2805 2359 -
2845 2324 2894 2384 1)
2929 2320 3058 2372 Non

482 2402 768 2467 intellego;
801 2402 1033 2465 sortasse
1063 2421 1168 2457 scr.
1205 2404 1439 2471 coniuge,
1478 2409 1538 2454 ut
1573 2405 1921 2470 intellegatur
1956 2403 2370 2454 Valentinianus
2405 2404 2500 2456 111.

943 2695 1166 2770 Tituli
1220 2697 1729 2792 imperatorum
1784 2691 2588 2790 Constantinopolitani.

647 2843 781 2912 820
853 2846 1153 2908 Fortunae
1191 2846 1202 2930 Ι
1241 2848 1443 2910 reduci
1489 2849 1564 2909 ob
1605 2849 1615 2929 Ι
1654 2847 1913 2908 devictos
1958 2846 2225 2908 Gothos.¹

652 2945 1116 3014 Constantinopoli
1149 2952 1206 2998 in
1238 2949 1355 2998 basi
1379 2948 1656 2998 columnae
1681 2946 1913 3012 (111753
1949 2946 2116 2998 deser.
2142 2946 2528 3012 Mordtmann).
2555 2974 2617 2984 -
2648 2950 2696 3012 1)
2732 2947 3059 3011 Significat-i

479 3033 764 3081 victoriam
804 3030 1141 3083 Constantini
1188 3033 1251 3083 de
1290 3032 1474 3083 Gothis
1522 3036 1574 3081 et
1606 3033 1838 3082 reditum
1876 3033 2221 3096 imperatoris
2254 3033 2315 3081 in
2350 3033 2534 3081 urbem
2570 3048 2619 3082 a.
2655 3033 2765 3084 552
2801 3036 3060 3099 exposuit

483 3114 772 3166 Mommsen
810 3115 841 3167 1.
879 3133 924 3168 c.

647 3251 772 3322 821
1737 3260 1792 3317 1.

891 3356 1144 3418 difficilis
1190 3356 1509 3435 quondam,
1557 3357 1814 3418 dominis
1858 3372 2069 3437 parere
2113 3357 2343 3417 serenis

887 3459 1083 3520 iussus
1128 3469 1186 3520 et
1232 3460 1505 3520 extinctis
1549 3458 1802 3538 palmam
1848 3468 2091 3537 portare
2136 3457 2435 3539 tyrannis¹
2484 3494 2567 3504 —

888 3562 1084 3622 omnia
1128 3561 1464 3623 Theodosio
1509 3561 1734 3622 cedunt
1774 3560 2086 3639 subolique
2135 3561 2386 3640 perenni
2435 3593 2509 3604 —

888 3672 981 3723 ter
1025 3663 1194 3725 denis
1238 3664 1323 3725 sic
1367 3663 1553 3724 vietus
1599 3680 1708 3742 ego
1758 3660 2134 3742 domitusque
2178 3660 2389 3723 diebus

885 3765 1077 3827 iudice
1122 3764 1234 3827 sub
1278 3763 1597 3849 <Proclo>²
1640 3782 1890 3843 superas
1934 3763 2120 3826 elatus
2164 3764 2234 3824 ad
2278 3781 2468 3825 auras.

1733 3887 1791 3944 2.

887 3992 1076 4049 κίονα
1117 3983 1628 4069 τετράπλευρον,
1678 3976 1785 4049 ἀεὶ
1825 3984 2027 4063 χθονὶ
2072 3988 2371 4066 κείμενον
2417 3976 2647 4064 ὄχθος,

970 4088 1214 4169 μοῦνος
1261 4077 1632 4171 ἀναστῆσαι
1683 4083 2048 4162 Θεοδόσιος
2090 4083 2404 4167 βασιλεύς

882 4187 1220 4278 τολμήσας
1263 4186 1675 4273 <Πρόκλος>2
1721 4185 2136 4252 insumere·
2184 4187 2293 4251 καὶ
2339 4185 2537 4263 τόσος
2583 4183 2737 4272 ἔστι]

967 4297 1128 4356 κίων
1175 4285 1428 4378 ἠελίοις
1475 4288 1542 4355 ἐν
1587 4289 1946 4375 τριάκοντα
1994 4288 2151 4354 δύω.

647 4391 1138 4459 Constantinopoli,
1185 4396 1244 4444 in
1291 4395 1406 4443 basi
1453 4393 1669 4442 obelisci
1716 4396 1812 4458 qui
1848 4397 2001 4443 extat
2047 4395 2105 4442 in
2140 4391 2493 4457 hippodromo
2537 4389 2724 4441 Turcis
2773 4388 2917 4439 dicto
2953 4388 3052 4438 At-

475 4474 686 4524 meidan
725 4475 833 4541 (ΙΙΙ
863 4478 964 4531 757
999 4478 1164 4530 deser.
1203 4478 1590 4544 Mordtmann).
1660 4478 1888 4528 Erectus
1920 4483 2000 4528 est
2037 4478 2294 4528 obeliscus
2327 4479 2387 4526 in
2423 4479 2566 4527 circo
2605 4475 3051 4539 Constantinopo-

477 4558 645 4608 litano
681 4576 727 4609 a.
765 4562 894 4627 590,
942 4567 1069 4614 teste
1106 4562 1421 4615 Marcellino
1469 4565 1654 4614 chron.
1703 4592 1772 4601 —
1817 4566 1865 4627 1)
1900 4562 2294 4627 Intelleguntur
2327 4561 2600 4612 Maximus
2634 4564 2686 4609 et
2722 4559 2912 4609 Victor
2949 4555 3048 4624 (cli

475 4657 640 4707 supra
679 4643 742 4696 Ν.
775 4646 1059 4715 787-789)
1093 4648 1280 4713 paullo
1317 4654 1442 4698 ante
1478 4665 1526 4700 a.
1562 4651 1663 4701 590
1697 4651 1845 4699 victi.
1895 4675 1961 4687 --
2005 4650 2058 4709 2)
2093 4647 2299 4698 Nomen
2336 4646 2513 4696 Procli
2559 4648 2617 4696 in
2662 4648 2892 4710 utroque
2928 4659 3049 4694 car·

472 4730 613 4776 mine
647 4744 859 4781 erasum
894 4737 971 4782 est
1005 4737 1057 4781 et
1085 4736 1271 4797 postea
1307 4734 1632 4784 restitutum.
1693 4733 1838 4783 Illud
1867 4730 2074 4792 factum
2108 4737 2184 4782 est
2208 4747 2350 4782 anno
2373 4733 2478 4784 592
2505 4746 2609 4795 que
2633 4747 2775 4781 anno
2800 4730 3048 4793 Proetus,
