3432 5387
565 382 685 441 140
1716 380 1897 449 Caput
1929 379 2001 434 11.

740 556 804 606 In
826 555 1076 620 Aegypto
1105 553 1221 603 loco
1248 553 1391 602 dicto
1413 549 1705 616 Manfalut,
1730 552 1825 601 ubi
1846 551 1959 612 fuit
1975 550 2380 616 Hieraconpolis
2406 549 2514 615 (111
2528 552 2600 603 22
2628 550 2696 612 cs:
2718 551 2802 602 III
2815 552 2870 604 S.
2885 568 2941 618 p.
2960 552 3152 620 1208).

561 670 632 679 -
660 643 710 706 1)
731 641 799 691 A.
822 641 940 692 288.
965 665 1036 678 -
1059 640 1111 704 2)
1140 637 1454 690 Tribunicia
1474 641 1713 703 potestas
1739 636 2070 687 Maximiani
2092 640 2412 686 numeratur
2433 636 2589 688 modo
2615 638 2680 686 ab
2704 652 2850 687 anno
2872 639 2995 702 285,
3027 654 3152 705 quo

568 726 764 778 Caesar
785 723 967 785 factus
991 740 1098 773 esse
1121 722 1351 787 videtur,
1385 726 1448 773 ut
1468 725 1530 773 in
1556 722 1713 773 titulo
1741 723 1899 787 longe
1924 723 2197 788 primario
2222 718 2290 771 Ν.
2314 722 2411 773 642
2438 719 2590 785 (item
2613 720 2681 773 Ν.
2704 722 2844 789 640),
2877 723 3031 773 modo
3069 725 3150 774 ab

567 829 618 864 a.
640 813 762 875 286,
797 825 901 876 quo
925 808 999 860 ad
1027 809 1267 874 Augusti
1290 807 1499 859 culmen
1517 813 1804 874 provectus
1825 809 1919 870 est,
1952 809 2016 854 ut
2038 805 2139 855 liic.
2162 832 2229 841 —
2256 807 2308 870 3)
2331 806 2534 857 Eadem
2558 808 2750 857 cohor-s
2780 811 2962 874 prima
2984 808 3157 859 Lusi-

566 904 817 949 tanorum
852 894 1126 959 adscripta
1163 893 1343 944 eodem
1381 892 1494 944 loco
1537 892 1876 959 (Hieracon),
1911 893 2219 940 recensetur
2252 892 2415 941 etiam
2450 892 2509 941 in
2532 889 2658 943 Not.
2695 892 2847 958 dign.
2882 909 2961 945 or.
2983 909 3037 959 p.
3055 894 3154 945 76.

738 1066 866 1138 618
930 1068 1443 1149 providentissimo
1483 1064 1495 1149 Ι
1533 1066 1814 1147 principi,
1861 1065 2079 1127 rectori
2118 1062 2131 1147 Ι
2168 1064 2331 1126 orbis
2375 1082 2442 1127 ac
2486 1065 2750 1140 domino,
2789 1062 2801 1147 Ι
2840 1065 3154 1128 fundatori

567 1172 730 1254 pacis
766 1170 778 1254 Ι
818 1180 1094 1232 aeternae
1138 1170 1505 1231 Diocletiano
1552 1169 1615 1229 P.
1662 1168 1727 1229 F.
1767 1167 1777 1252 Ι
1818 1167 2039 1229 invicto
2086 1168 2234 1247 Aug.
2280 1176 2448 1245 pont.
2489 1165 2499 1250 Ι
2537 1185 2723 1240 max„
2782 1167 2918 1229 Ger.
2966 1187 3151 1240 max..

568 1274 729 1335 Pers.
771 1272 782 1353 Ι
820 1290 1004 1346 max.‚
1058 1271 1192 1333 trib.
1239 1281 1361 1351 pot.
1408 1270 1565 1344 v11¹‚
1603 1269 1615 1344 1
1655 1289 1777 1332 cos.
1824 1270 1952 1344 1111,
1998 1269 2149 1350 patri
2197 1278 2346 1349 pat.‚
2388 1266 2397 1349 Ι
2435 1287 2691 1349 procos„
2738 1270 2901 1350 Sept.
2943 1269 2955 1351 Ι
2996 1265 3151 1354 [Va-

565 1371 770 1459 le]ntio
815 1393 868 1434 V.
912 1393 991 1454 p.‚
1035 1392 1095 1453 p.
1141 1393 1200 1455 p.
1245 1373 1334 1445 R„
1375 1372 1384 1455 Ι
1424 1372 1480 1433 d.
1530 1392 1590 1432 n.
1638 1391 1714 1433 m.
1762 1390 1878 1451 que
1923 1371 2051 1433 eius
2094 1371 2150 1431 d.
2197 1370 2294 1432 d.²

738 1474 1015 1539 Augustae
1055 1472 1456 1526 Vindelicorum
1494 1471 1838 1539 (Augsburg)
1879 1470 1990 1536 (III
2015 1471 2192 1537 5810).
2241 1499 2307 1509 -
2350 1475 2397 1535 1)
2436 1472 2502 1524 A.
2536 1472 2653 1524 290.
2691 1499 2755 1509 -
2796 1472 2847 1534 2)
2886 1473 2990 1523 Vir
3018 1488 3151 1539 pes·-

567 1557 906 1621 l'ectissimus,
936 1574 1155 1625 praeses
1169 1560 1488 1624 provinciae
1511 1556 1746 1618 Raetiae,
1783 1556 2004 1607 devotus
2026 1558 2240 1607 numini
2265 1558 2643 1622 maiestatique
2667 1558 2781 1608 eius
2816 1556 2966 1608 dedit
2998 1558 3151 1609 dedi·

573 1647 727 1696 cavit.
803 1644 944 1695 Idem
979 1643 1268 1710 Septimius
1303 1642 1555 1694 Valentio
1593 1646 1671 1692 est
1705 1640 1773 1693 Ν.
1796 1642 1907 1693 619.

737 1795 866 1866 619
930 1816 1145 1879 magno
1179 1806 1239 1860 et
1267 1798 1486 1859 invicto
1517 1815 1585 1859 ac
1621 1796 1631 1880 Ι
1672 1814 1858 1876 super
1904 1814 2114 1856 omnes
2158 1805 2320 1856 retro
2360 1794 2370 1878 Ι
2409 1796 2710 1877 principes
2753 1796 3098 1880 fortissimo,
3135 1797 3146 1877 Ι

571 1902 713 1983 imp.
759 1900 921 1963 Caes.
958 1901 1036 1962 Μ.
1069 1901 1211 1961 Aur.
1244 1900 1472 1962 Valerio
1512 1898 1523 1980 Ι
1562 1898 1921 1959 Maximiano
1970 1898 2074 1959 Pio
2124 1895 2243 1958 Fel.
2284 1897 2295 1978 Ι
2335 1898 2553 1959 invicto
2584 1898 2732 1978 Aug.
2777 1917 2900 1960 cos.
2932 1899 3043 1959 1111
3061 1900 3101 1973 ¹,
3134 1896 3147 1982 Ι

572 2023 630 2085 p.
677 2023 757 2083 p.‚
802 2021 1059 2083 procos..
1100 2000 1111 2085 Ι
1150 2002 1472 2082 Septimius
1506 2000 1820 2062 Valentio²
1861 2018 1914 2060 v.
1959 2018 2018 2079 p.
2058 1999 2069 2079 Ι
2108 2017 2158 2060 a.
2204 2017 2255 2060 r.
2303 2001 2507 2080 praeff.
2553 2010 2766 2080 praett.
2811 2020 2898 2062 cc.
2944 1999 3087 2077 νγ),
3132 1998 3147 2083 Ι

571 2106 628 2166 d.
677 2124 737 2166 n.
785 2124 863 2166 m.
909 2123 967 2183 q.
1013 2105 1158 2166 eius.

739 2203 938 2255 Romae
986 2207 1144 2255 antea
1192 2206 1251 2252 in
1286 2200 1411 2262 foro
1446 2203 1544 2252 sub
1584 2201 1867 2262 Palatino,
1922 2216 2067 2251 nunc
2102 2203 2159 2251 in
2195 2217 2375 2252 museo
2411 2201 2676 2254 Vaticano
2719 2201 2828 2268 (Vl
2861 2201 3041 2269 1125).
3084 2230 3155 2240 -

576 2290 626 2352 1)
660 2289 728 2340 A.
749 2289 1043 2342 293-296.
1078 2315 1145 2324 -
1184 2288 1235 2350 2)
1271 2286 1412 2337 Idem
1447 2291 1526 2336 est
1558 2285 1625 2337 N.
1661 2286 1774 2339 618.
1810 2314 1879 2324 -
1916 2287 1967 2348 3)
2007 2285 2112 2337 Vir
2145 2285 2584 2353 perfectissimus,
2620 2301 2787 2352 agens
2818 2290 2961 2338 vices
2987 2304 3156 2354 prae-

570 2374 842 2438 fectorum
869 2374 1149 2438 praetorio
1185 2370 1606 2422 clarissimorum
1639 2373 1901 2423 virorum.

746 2524 877 2596 620
942 2527 1038 2588 dd.
1098 2545 1204 2588 nn.
1263 2527 1471 2607 impp.¹
1527 2526 1690 2588 Caes.
1739 2525 1918 2587 Gaius
1963 2526 2160 2587 Aurei.
2206 2526 2472 2589 Valerius
2514 2527 2917 2590 Diocletianus
2959 2547 3020 2608 p.
3066 2528 3153 2609 p.²

576 2630 832 2692 invictus
876 2630 1176 2709 Augustus
1220 2636 1279 2690 et
1323 2628 1465 2709 imp.
1513 2628 1728 2690 Caesar
1771 2628 2006 2690 Marcus
2037 2629 2234 2690 Aurei.
2268 2628 2534 2690 Valerius
2577 2629 2968 2692 Maximianus
3012 2630 3153 2693 Pius

576 2733 739 2795 Felix
777 2729 789 2816 Ι
828 2733 1080 2794 invictus
1110 2733 1258 2812 Aug.
1297 2732 1484 2792 muris
1523 2730 2033 2793 Cularonensibus
2078 2750 2211 2793 cum
2260 2731 2644 2794 interioribus
2686 2732 2968 2794 aedificiis
3010 2751 3151 2814 pro-

573 2835 833 2897 videntia
863 2853 965 2896 sua
1000 2833 1284 2896 institutis
1322 2833 1510 2913 adque
1541 2833 1822 2913 perfectis
1851 2842 2081 2914 portam
2121 2831 2132 2916 Ι
2171 2833 2494 2896 Romanam
2540 2834 2756 2896 loviam
2788 2836 2986 2896 vocari
3031 2835 3153 2897 ius-

579 2945 808 2998 serunt.

751 3034 924 3107 626·
978 3037 1076 3098 dd.
1123 3056 1226 3099 nn.
1273 3037 1457 3117 impp.
1505 3044 1594 3109 (ut
1625 3058 1812 3110 supra,
1844 3043 1940 3094 sed
1971 3047 2031 3095 in
2064 3043 2197 3112 fine)
2235 3048 2466 3118 portam
2506 3037 2516 3120 Ι
2554 3038 2955 3101 Viennensem
3000 3040 3154 3101 Her-

584 3140 814 3202 culeam
858 3139 1053 3200 vocari
1094 3139 1414 3201 iusserunt.

755 3239 1050 3305 Cularone,
1086 3255 1222 3306 quae
1254 3245 1442 3306 postea
1478 3237 1592 3300 fuit
1628 3238 2033 3304 Gratianopolis
2072 3238 2256 3304 (hodie
2296 3237 2596 3307 Grenoble)‚
2633 3241 2692 3289 in
2727 3241 2934 3291 duabus
2969 3240 3157 3308 oppidi

578 3327 754 3391 portis
777 3323 910 3390 (XII
926 3326 1086 3387 2229,
1122 3327 1337 3391 saepius
1371 3325 1668 3390 descriptae
1700 3324 1930 3374 saeculis
1963 3325 2353 3390 superioribus,
2393 3339 2539 3375 nunc
2572 3324 2833 3392 dirutae).
2867 3354 2940 3364 —
2978 3328 3028 3385 1)
3057 3323 3156 3375 110-

585 3412 828 3476 quiritur
861 3409 983 3478 imp.
1020 3438 1086 3447 —
1124 3412 1174 3474 2)
1211 3409 1411 3459 Debuit
1444 3424 1551 3459 esse
1586 3407 1708 3460 Pius
1744 3407 1905 3460 Felix.

748 3562 872 3633 621
941 3565 1128 3627 Genio
1174 3564 1316 3625 Iovii
1347 3565 1538 3643 Aug),
1578 3563 1588 3647 Ι
1628 3563 1784 3625 Iovia
1833 3564 2070 3644 porticu
2116 3562 2279 3626 eius²
2319 3581 2351 3624 a
2395 3563 2797 3625 fundamentis
2836 3560 2846 3644 Ι
2884 3562 3155 3626 absoluta

582 3666 949 3747 excultaque.
988 3666 999 3749 Ι
1040 3667 1236 3730 Aelius
1281 3666 1597 3748 Dionysius
1640 3684 1694 3725 V.
1739 3684 1792 3727 c.
1842 3666 2010 3745 operi
2059 3665 2392 3728 faciundo.³

752 3766 883 3837 622
949 3768 1139 3831 Genio
1171 3769 1445 3831 Herculei
1477 3769 1671 3848 Aug.²‚
1698 3762 1707 3850 Ι
1737 3767 2028 3829 Herculea
2058 3769 2296 3850 porticu
2328 3763 2524 3852 eius²l
2557 3785 2590 3827 a
2620 3767 3020 3830 fundamentis
3048 3766 3156 3828 ab·

579 3869 770 3932 soluta
809 3868 822 3952 Ι
860 3872 1228 3951 excultaque‚
1269 3870 1278 3952 Ι
1319 3871 1518 3932 Aelius
1562 3870 1880 3951 Dionysius
1923 3888 1975 3931 v.
2022 3889 2074 3932 c.
2121 3872 2289 3951 operi
2331 3869 2655 3931 faciundo.³

754 3970 953 4023 Romae
996 3987 1170 4039 prope
1228 3973 1497 4022 theatrum
1543 3972 1780 4036 Pomyaeeii
1827 3985 1940 4036 rep.
1994 3969 2101 4035 (VI
2138 3972 2241 4022 254
2291 3969 2457 4021 deser.
2506 3971 2745 4034 Pighius.
2824 3970 2933 4020 235
2982 3968 3154 4022 deser.

581 4055 895 4108 Fabrettius
927 4073 1064 4109 saec.
1100 4056 1295 4122 XVII).
1331 4084 1398 4093 —
1438 4058 1485 4120 1)
1522 4055 1920 4106 Diocletianum
1955 4055 2162 4106 lovium
2199 4059 2252 4105 et
2277 4054 2675 4105 Maximianum
2700 4054 3009 4105 Hes-eutium
3044 4054 3160 4106 dici

584 4139 816 4193 voluisse
849 4144 1011 4193 etiam
1043 4146 1332 4209 scriptores
1365 4145 1419 4191 et
1454 4142 1660 4191 nummi
1694 4142 1962 4190 testantur
1998 4137 2097 4204 (cll
2123 4139 2326 4192 Eckloel
2343 4142 2396 4206 8,
2416 4141 2492 4207 9).
2516 4169 2587 4179 -
2609 4141 2660 4204 2)
2695 4138 2775 4189 De
2811 4138 3019 4205 duplici
3053 4141 3157 4190 hac

573 4229 798 4293 porticu
835 4225 906 4287 cll
931 4226 1200 4278 Lanciani
1234 4242 1359 4278 ann.
1396 4228 1520 4276 inst.
1549 4226 1696 4276 arch.
1726 4224 1933 4289 18831).
1958 4224 2038 4276 11.
2061 4224 2143 4276 12.
2168 4254 2236 4264 -
2263 4227 2313 4289 3)
2336 4224 2400 4276 L.
2422 4224 2608 4276 Aelius
2634 4224 2931 4291 Dionysius
2960 4237 3156 4275 memo-

582 4316 742 4363 ratur
777 4315 939 4363 etiam
974 4310 1127 4373 infra
1163 4311 1231 4364 N.
1265 4312 1364 4364 626
1373 4330 1395 4374 ,·
1431 4308 1648 4360 titulmn
1692 4312 1743 4358 ei
1780 4311 2017 4374 positum
2064 4309 2308 4361 dabimus
2353 4310 2471 4361 loco
2506 4325 2623 4361 suo.
2697 4309 2858 4374 Operi
2888 4306 3151 4370 facimtdo

581 4396 789 4447 dicitur
833 4401 1016 4463 utpote
1061 4400 1155 4462 qui
1198 4397 1351 4461 operi
1383 4393 1644 4456 faciundo
1680 4396 1965 4448 insisteret.

749 4548 879 4618 623
943 4551 988 4611 1.
1049 4570 1105 4611 o.
1161 4568 1243 4611 m.
1300 4558 1361 4611 et
1397 4548 1406 4632 Ι
1448 4550 1517 4610 G.
1575 4549 1633 4610 h.
1689 4549 1763 4609 1.¹
1808 4567 1917 4628 pro
1972 4546 1981 4630 Ι
2031 4550 2218 4612 salute
2276 4549 2372 4609 dd.
2413 4545 2423 4628 Ι
2462 4567 2566 4611 nn.
2613 4547 2808 4609 Iovio²
2847 4544 2857 4628 Ι
2895 4555 2957 4609 et
2999 4546 3149 4608 Her-

576 4652 772 4714 culio²
813 4656 1004 4732 Augg.
1049 4671 1156 4713 nn.

752 4749 944 4802 Sirmii
979 4750 1282 4820 (Mitt-ovio)
1323 4750 1589 4816 (1115254
1627 4750 1697 4812 cf.
1734 4768 1791 4817 p.
1816 4752 1985 4818 1040).
2023 4780 2090 4789 -—
2128 4754 2177 4816 1)
2217 4750 2383 4804 Genio
2421 4753 2582 4802 liuius
2616 4751 2737 4803 loci.
2769 4778 2841 4790 —
2875 4750 2929 4816 2)
2961 4747 3148 4816 Requi-
