3432 5387
1317 407 1489 463 Tituli
1521 407 1801 462 militares.
2714 409 2832 470 441

268 586 477 649 positus
514 586 620 645 est,·
656 597 780 632 nam
816 584 1036 631 nomina
1075 583 1442 632 centuriarum
1478 583 1529 629 et
1552 581 1786 631 militum
1824 597 1893 631 ex
1920 584 2083 646 parte
2105 583 2312 631 tantum
2336 581 2518 632 eadem
2540 587 2669 633 sunt
2703 599 2841 649 quae

274 672 332 719 in
367 666 435 722 N.
472 668 621 731 2478,
657 682 728 717 ex
759 670 919 732 parte
952 666 1179 717 diversa.
1216 693 1282 703 —
1331 663 1382 732 1)
1419 664 1698 731 Supplevit
1729 664 2046 730 Mommsen,
2083 666 2440 730 probabiliter
2451 685 2473 729 ‚·
2516 670 2678 718 etiam
2723 667 2841 720 Iudi

270 755 554 805 memorati
587 750 655 803 N.
680 753 814 804 2478
850 752 1101 802 videntur
1135 751 1269 800 editi
1303 766 1409 799 esse
1445 751 1508 799 ob
1545 750 1685 800 diem
1720 751 1956 802 natalem
1990 753 2349 816 imperatoris.
2385 781 2452 789 —
2489 755 2540 817 2)
2579 754 2678 803 Hic
2712 769 2840 819 quo-

270 854 374 905 que
396 842 459 888 ut
483 841 538 887 in
563 835 630 888 Ν.
654 837 789 888 2478
810 839 1156 886 recensentur
1178 838 1373 900 septem
1406 837 1658 897 scaenici,
1692 838 1836 886 inter
1871 837 1964 887 hos
1998 836 2104 886 duo
2141 840 2366 898 tantum,
2405 836 2623 888 Cluvius
2649 837 2841 889 Glaber

270 929 324 974 et
354 922 597 973 Lucilius
631 919 963 984 Marcianus,
998 923 1115 972 noti
1151 922 1310 970 etiam
1346 936 1416 969 ex
1450 917 1518 971 N.
1554 920 1687 971 2478
1699 939 1721 983 ,·
1769 935 1947 970 omnes
1986 925 2162 971 autem
2196 921 2424 972 redeunt
2465 924 2609 973 inter
2641 925 2838 975 milites

269 1007 422 1069 infra
458 1009 774 1069 recensitos,
824 1006 1019 1058 Glaber
1063 1007 1413 1056 archimimus
1447 1005 1663 1055 cohorte
1698 1007 1882 1072 prima
1920 1011 2165 1057 centuria
2206 1005 2494 1070 Turronis,
2540 1008 2850 1059 Demetrius·

268 1095 585 1144 Ammonius
609 1094 957 1142 archimimus
981 1093 1196 1142 cohorte
1220 1093 1417 1156 quarta
1443 1093 1688 1141 centuria
1712 1091 1965 1157 Asclepii,
2004 1090 2253 1143 Valerius
2278 1092 2564 1143 Heraclida
2590 1094 2836 1159 stupidus

272 1177 509 1228 Graecus
556 1175 687 1241 (Mo.
725 1177 901 1227 Herrn.
934 1179 970 1227 ὅ
1014 1192 1068 1242 p.
1102 1178 1228 1238 506)
1276 1176 1494 1225 cohorte
1537 1178 1761 1242 septima
1807 1179 2051 1227 centuria
2097 1176 2361 1242 Longini,
2405 1177 2648 1228 bucilius
2690 1178 2837 1229 Mar-

274 1266 463 1312 cianus
496 1261 745 1327 stupidus
783 1260 1017 1313 Graecus
1053 1263 1268 1313 cohorte
1302 1260 1535 1312 secunda
1570 1263 1814 1311 centuria
1852 1260 2193 1323 Candidiani,
2231 1263 2488 1313 Aurelius
2522 1263 2835 1315 Alexander

265 1350 544 1398 scaenicus
571 1346 805 1398 Graecus
841 1348 1060 1397 cohorte
1094 1348 1257 1397 tertia
1282 1348 1526 1397 centuria
1561 1345 1734 1409 Pauli,
1771 1347 2024 1397 Aurelius
2049 1346 2282 1398 Serenus
2303 1350 2578 1399 scaenicus
2604 1348 2837 1400 Graecus

271 1434 492 1484 cohorte
523 1435 702 1498 prima
737 1434 985 1485 centuria
1023 1430 1327 1493 Saturnini,
1369 1431 1635 1483 Varenius
1664 1430 2006 1482 Fortunatus
2039 1435 2315 1483 scaenicus
2353 1432 2586 1483 Graecus
2620 1435 2836 1483 cohorte

232 1540 243 1547 -
267 1522 463 1584 quarta
501 1519 743 1568 centuria
781 1517 1100 1568 Decembris.
1182 1516 1290 1568 Sed
1328 1520 1612 1581 praeterea
1645 1517 1706 1565 in
1751 1517 1852 1566 hoc
1897 1518 2055 1568 titulo
2101 1517 2228 1567 aliis
2274 1521 2391 1569 octo
2434 1518 2696 1568 militibus
2742 1518 2837 1568 ad-

266 1606 503 1668 scriptae
536 1607 663 1652 sunt
697 1606 857 1653 notae
892 1616 1028 1666 quae
1064 1605 1115 1651 et
1149 1604 1298 1668 ipsae
1334 1598 1622 1660 manifesto
1658 1604 1902 1666 spectant
1934 1602 2009 1652 ad
2041 1618 2152 1653 rem
2187 1607 2502 1654 scaenicum.
2563 1600 2644 1662 cr.
2679 1600 2832 1663 infra

264 1691 377 1742 not.
411 1687 597 1738 3-42.
635 1715 699 1724 -
750 1688 802 1750 3)
855 1686 946 1736 Ex
986 1702 1082 1736 sex
1129 1687 1387 1736 centuriis
1432 1686 1669 1735 cohortis
1710 1688 1920 1752 primae
1965 1687 2191 1751 vigilum
2241 1689 2328 1738 hic
2372 1690 2675 1749 recensitis,
2723 1703 2833 1737 una

267 1777 497 1835 tantum,
535 1774 780 1822 centuria
818 1770 1083 1832 Set-otini,
1133 1772 1228 1820 sub
1266 1770 1447 1820 eodem
1480 1773 1695 1821 nomine
1742 1771 1886 1821 redit
1927 1775 1988 1823 in
2034 1773 2194 1822 titulo
2241 1770 2308 1823 N.
2345 1772 2505 1835 2478,
2544 1772 2835 1838 pleraeque

266 1860 444 1921 igitur
480 1858 755 1907 centuriae
790 1858 1026 1907 cohortis
1056 1858 1269 1921 primae
1305 1855 1443 1905 alios
1489 1857 1828 1906 centuriones
1863 1858 2163 1907 habuerunt
2207 1872 2327 1907 cum
2374 1857 2564 1908 titulus
2597 1855 2665 1908 Ν.
2701 1857 2834 1907 2478

266 1946 477 2007 positus
501 1947 576 1991 est
600 1940 696 2006 (cl'.
720 1946 829 1993 not.
854 1942 927 2008 4).
948 1969 1017 1979 —
1036 1943 1087 2001 4)
1115 1941 1330 1990 Helvius
1355 1939 1646 1990 Ianuarius
1669 1945 1975 1991 recensetur
1998 1944 2158 1992 etiam
2180 1958 2346 2007 supra
2369 1940 2437 1994 Ν.
2455 1942 2604 2007 2478,
2626 1944 2752 1992 item
2774 1944 2835 1991 in

269 2029 489 2077 cohorte
500 2030 700 2092 prima,
714 2030 960 2077 centuria
980 2030 1158 2077 autem
1178 2042 1285 2076 non
1308 2024 1597 2076 Saturnini
1612 2027 1706 2075 sed
1714 2026 1955 2077 Zenonis
1967 2045 1988 2089 ,·
2004 2032 2230 2092 apparet
2248 2043 2308 2077 eo
2327 2032 2562 2093 tempore
2581 2027 2726 2093 quod
2744 2042 2835 2075 ea:-

270 2114 384 2163 titit
400 2115 544 2162 inter
564 2113 747 2163 titulos
766 2110 834 2163 Ν.
848 2112 981 2164 2478
998 2111 1122 2162 8424
1129 2111 1193 2162 79
1207 2116 1424 2175 positos,
1438 2115 1536 2161 aut
1548 2109 1906 2162 Saturninum
1921 2111 2132 2163 Zenoni
2143 2116 2242 2163 aut
2251 2112 2517 2163 Zenonem
2536 2112 2831 2163 Saturnino

264 2200 591 2248 successisse.
611 2226 679 2235 —
697 2201 747 2261 5)
768 2198 1106 2259 pecuniosus,
1134 2197 1183 2260 6)
1205 2199 1496 2261 scaenicus,
1522 2197 1572 2259 7)
1596 2196 1931 2262 exodiarius,
1957 2199 2006 2261 8)
2030 2199 2395 2259 archimimus,
2420 2198 2607 2259 9-11)
2628 2199 2832 2247 scaeni-

267 2298 390 2346 cus,
449 2283 530 2345 12)
580 2281 775 2332 mulier
822 2281 1136 2344 (Mommsen
1176 2281 1349 2332 Herm.
1387 2283 1422 2330 ὅ
1453 2296 1507 2344 p.
1541 2280 1641 2332 506
1678 2284 1774 2346 qui
1799 2286 1963 2347 putat
1998 2287 2116 2334 octo
2154 2284 2249 2333 hos
2285 2284 2548 2343 homines,
2597 2280 2832 2332 diversos

267 2368 333 2417 ab
371 2368 643 2417 actoribus
676 2382 844 2432 supra
882 2370 1223 2429 enumeratis,
1260 2382 1369 2415 esse
1405 2370 1716 2415 acroamata
1752 2381 1862 2416 una
1889 2382 2007 2416 cum
2043 2370 2120 2417 eis
2154 2382 2321 2433 supra
2356 2371 2669 2430 memorata,
2703 2369 2830 2430 sive,

266 2456 328 2502 ut
365 2450 496 2501 alibi
530 2451 816 2514 dicuntur,
863 2453 1303 2517 symphoniacos,·
1350 2466 1437 2500 eos
1471 2454 1666 2514 autem,
1701 2455 1921 2516 excepto
1958 2452 2271 2516 exodiario,
2323 2449 2566 2511 adfuisse
2599 2451 2831 2516 singulis

268 2536 381 2586 illis
413 2537 726 2603 actoribus).

967 2812 1273 2907 Equites
1329 2774 1734 2905 singulares
1788 2809 2130 2907 Augusti.

441 2962 614 3034 2180
680 2966 799 3025 lovi
848 2966 1072 3045 optimo
1118 2966 1404 3037 maximo,
1446 2964 1455 3047 Ι
1498 2951 1745 3037 lunoni,
1792 2965 2111 3037 Minervae,
2152 2964 2161 3047 Ι
2204 2965 2464 3035 Herculi,
2512 2965 2829 3038 Fortunae,

266 3067 580 3141 Felicitati,
621 3066 630 3149 Ι
673 3068 880 3140 Saluti,
927 3067 1105 3141 Fatis,
1152 3068 1341 3129 Genio
1394 3069 1545 3146 sing.
1579 3069 1771 3146 Aug.¹,
1814 3063 1824 3146 Ι
1863 3067 2089 3127 emeriti
2136 3087 2205 3126 ex
2251 3086 2501 3129 numero
2547 3064 2831 3164 effil[em]2

274 3173 282 3248 Ι
329 3171 490 3232 missi
536 3171 784 3231 honesta
831 3170 1111 3231 missione
1151 3173 1160 3246 Ι
1211 3170 1283 3231 ab
1330 3170 1471 3248 imp.
1501 3170 1755 3230 Traiano
1801 3168 2098 3230 Hadriano
2143 3173 2310 3248 Aug„
2352 3167 2361 3251 Ι
2411 3171 2538 3250 ipso
2585 3172 2637 3231 ll
2669 3173 2833 3246 coS.⁸,

278 3275 314 3332 l.
369 3272 407 3332 l.
455 3292 533 3332 m.
578 3291 632 3331 v.
671 3274 741 3333 S.⁴
791 3282 982 3345 (supra
1017 3282 1271 3344 secespita
1309 3285 1359 3329 et
1393 3279 1574 3344 lituus,
1611 3281 1737 3329 hinc
1769 3277 1923 3329 illinc
1957 3294 2150 3329 urceus
2184 3283 2235 3328 et
2264 3280 2503 3347 patera).

444 3371 638 3423 Romae
675 3389 788 3438 rep.
827 3389 928 3423 ara
963 3388 1283 3435 marmorea,
1318 3388 1427 3423 una
1465 3388 1585 3423 cum
1619 3372 1805 3423 multis
1839 3372 1965 3423 aliis
1999 3375 2115 3423 aris
2136 3372 2415 3437 similibus,
2451 3355 2680 3439 quarum
2703 3377 2834 3425 haec

267 3460 347 3507 est
383 3460 779 3524 antiquissima,
814 3461 961 3509 inter
996 3458 1196 3508 rudera
1235 3457 1495 3522 quaedam
1531 3474 1638 3509 non
1675 3458 1834 3523 longe
1868 3460 1933 3508 ab
1967 3457 2187 3508 ecclesia
2212 3457 2579 3522 Lateranensi,
2614 3476 2647 3510 a
2672 3459 2832 3511 Scala

265 3547 455 3594 sancta
481 3559 618 3608 quae
643 3543 848 3594 dicitur
867 3547 1280 3609 septentrionem
1304 3559 1501 3607 versus,
1536 3546 1632 3593 ubi
1662 3545 1818 3594 hodie
1841 3543 2046 3595 dicitur
2067 3545 2157 3593 via
2188 3542 2381 3594 Tasso:
2416 3561 2475 3594 eo
2514 3543 2627 3595 loco
2661 3542 2833 3604 fuisse

269 3633 449 3678 castra
487 3633 724 3694 equitum
758 3628 1124 3694 singularium
1160 3629 1269 3678 iam
1311 3633 1538 3693 apparet
1573 3629 1828 3694 (Henzen,
1869 3631 1965 3694 qui
1998 3628 2152 3693 vidit,
2195 3644 2320 3679 ann.
2356 3631 2480 3680 inst.
2517 3631 2663 3680 arch.
2700 3631 2830 3683 4885

260 3729 319 3777 p.
355 3714 507 3780 259).
544 3743 607 3750 —
662 3717 710 3778 1)
759 3713 922 3764 Genio
962 3711 1327 3778 singularium
1371 3712 1669 3779 (intellege.·
1718 3715 1980 3781 equitum)
2018 3715 2265 3778 Aug-usti.
2320 3741 2385 3752 --
2441 3717 2492 3776 2)
2528 3714 2726 3781 Nempe
2761 3733 2830 3765 σα·

268 3813 494 3848 numero
518 3799 883 3862 singularium
906 3797 1232 3862 (EODHOMC
1258 3799 1413 3864 lapis,
1455 3798 1650 3849 litteris
1672 3798 1759 3850 ΗΟ
1795 3802 1853 3849 in
1889 3801 2057 3850 litura
2091 3799 2326 3866 positis).
2350 3828 2418 3837 —
2453 3803 2505 3865 3)
2540 3802 2603 3852 Α.
2627 3801 2739 3853 448.
2762 3829 2830 3839 —

270 3886 320 3945 4)
359 3883 515 3932 Laeti
550 3883 765 3933 libentes
798 3887 1006 3933 meritis
1041 3890 1165 3934 vota
1200 3885 1492 3934 solverunt.

435 3984 601 4055 2181
672 3986 793 4047 lovi
825 3999 1068 4067 optumo
1101 3990 1372 4060 maximo,
1408 3992 1415 4069 Ι
1449 3988 1685 4062 lunoni,
1714 3989 2029 4062 Minervae,
2071 3990 2080 4070 Ι
2119 3989 2308 4063 Marti,
2335 3990 2641 4060 Victoriae,
2673 3990 2825 4050 Her-

266 4088 417 4164 culi,
457 4087 468 4169 Ι
507 4089 834 4163 Fortunae,
883 4090 1208 4164 Mercurio,
1250 4090 1260 4172 Ι
1301 4090 1616 4165 Felicitati,
1664 4089 1879 4163 Saluti,
1931 4091 2114 4163 Fatis,
2154 4091 2164 4173 Ι
2205 4090 2662 4170 Campestribu5‚
2710 4092 2822 4153 Sil·

265 4209 438 4264 vano,
482 4194 490 4270 Ι
531 4191 821 4270 Apollini,
871 4192 1119 4268 Dianae,
1165 4192 1430 4274 Eponae,
1471 4193 1481 4275 Ι
1519 4191 1810 4254 matribus
1855 4192 2082 4255 Sulevis
2125 4202 2184 4255 et
2230 4193 2418 4255 Genio
2464 4194 2615 4273 sing.
2652 4197 2823 4273 Aug„

270 4292 278 4375 Ι
312 4294 575 4353 veterani
623 4294 786 4355 missi
826 4292 836 4375 Ι
916 4296 1165 4356 honesta
1213 4296 1492 4357 missione
1531 4293 1541 4377 Ι
1582 4314 1654 4355 ex
1699 4296 1906 4356 eodem
1946 4314 2197 4356 numero
2237 4295 2310 4355 ab
2348 4294 2358 4376 Ι
2399 4297 2540 4374 imp.
2572 4295 2823 4356 Traiano

265 4394 571 4457 Hadriano
619 4397 768 4473 Aug.
813 4416 874 4475 p.
923 4416 1004 4475 p.,
1046 4393 1055 4478 Ι
1097 4397 1162 4458 C.
1195 4397 1362 4459 Serio
1408 4397 1719 4476 Augurino
1766 4397 1827 4458 C.
1875 4394 2091 4456 Trebio
2131 4392 2140 4478 Ι
2181 4397 2466 4478 Sergiano
2513 4399 2654 4458 cos.¹
2702 4398 2739 4458 l.
2786 4399 2823 4457 1.

263 4517 343 4558 m.
399 4518 451 4559 v.
510 4519 556 4561 s.
641 4506 729 4568 (ln
768 4505 933 4556 latere
968 4507 1187 4568 dextro)
1255 4501 1387 4560 divo
1458 4500 1711 4561 Traiano
1774 4484 1828 4558 V
1886 4492 2098 4581 c[os]²:
2161 4498 2172 4580 Ι
2228 4499 2305 4560 Μ.
2365 4499 2498 4578 Ulp.
2559 4499 2775 4583 IuliuS,
2807 4499 2817 4581 Ι

267 4606 592 4672 (sequuntur
614 4611 834 4659 nomina
861 4608 1207 4674 quindecim).
1269 4607 1358 4673 (In
1390 4608 1559 4659 latere
1593 4611 1839 4669 sinistro)
1908 4599 2224 4663 Suburano
2257 4611 2310 4661 et
2337 4601 2614 4662 Marcello
2647 4602 2820 4663 cos.⁸:

269 4699 278 4779 Ι
341 4703 417 4763 Μ.
478 4705 683 4765 Arrad.
743 4699 981 4766 Priscus
1041 4704 1432 4766 Traianenses
1484 4709 1610 4777 (sic)
1669 4704 2029 4776 Baetasius⁴,
2078 4700 2087 4785 Ι
2147 4703 2223 4765 Μ.
2271 4704 2403 4785 Ulp.
2452 4703 2822 4787 FrequenS‚1

267 4801 596 4869 (sequuntur
630 4807 851 4854 nomina
884 4805 1193 4868 triginta).⁸
