3432 5387
595 393 769 449 Tituli
803 393 1173 450 ministrorum
1207 394 1399 449 domus
1432 396 1715 463 Augustae
1751 394 2089 450 condicionis
2124 395 2414 453 libertinae
2449 402 2504 453 et
2540 400 2765 456 servilis.
2826 399 2948 459 331

576 564 793 633 1519·
868 567 1098 629 Donato
1157 568 1420 630 Caesaris
1472 563 1669 654 Au[9.]
1721 566 1733 652 Ι
1786 569 2057 631 Salviano
2116 566 2421 656 exactor[i]
2478 572 2837 635 tributorum
2889 575 2950 636 in

405 664 643 754 Hel[v.],
684 667 694 752 Ι
735 669 1080 731 Communis
1122 663 1442 754 vicariu[s].

575 769 798 821 Vinaria·
822 784 997 834 prope
1030 769 1344 821 Aventicum
1382 770 1695 832 (Mommsen
1731 773 1892 823 inser.
1929 770 2073 823 Helo.
2110 772 2206 824 478
2239 774 2418 838 vidit).

568 1039 739 1110 1521)
793 1039 1116 1123 Respecto!
1141 1043 1288 1121 Aug.
1321 1042 1422 1104 lib.
1449 1038 1460 1124 Ι
1486 1062 1649 1124 proc.
1672 1044 1942 1119 heredit.‚
1969 1039 1979 1127 Ι
2008 1045 2197 1106 Flavia
2222 1046 2430 1108 Rufina
2458 1044 2467 1129 Ι
2492 1049 2642 1127 patri
2669 1049 2950 1128 piissimo.

573 1140 767 1193 Romae
804 1141 907 1208 (VI
928 1143 1067 1194 8453
1102 1144 1182 1192 bis
1216 1143 1483 1209 deser-ipen
1518 1159 1653 1194 saee-
1689 1144 1915 1212 XVIII).

570 1276 735 1347 1521
804 1279 861 1339 d.
892 1297 968 1339 m.
1010 1277 1020 1362 Ι
1059 1279 1127 1339 Τ.
1160 1279 1283 1340 Ael.
1316 1282 1504 1359 Augg.
1548 1278 1649 1341 lib.
1683 1280 1987 1342 Saturnia.
2027 1282 2037 1365 Ι
2077 1277 2252 1367 pr[oc.
2277 1279 2631 1369 provinciae]
2663 1284 2951 1366 Belgicae,

402 1377 414 1464 Ι
449 1427 805 1443 ........
839 1399 1003 1461 proc.
1045 1379 1055 1463 Ι
1093 1381 1218 1443 fisci
1249 1381 1536 1444 libertatis
1566 1391 1625 1443 et
1655 1382 1961 1462 peculior„
2001 1381 2012 1465 Ι
2051 1384 2231 1445 tabul.
2268 1404 2300 1445 a
2331 1385 2678 1461 rationibus,‚
2719 1387 2730 1470 Ι
2767 1389 2951 1450 tabul.

400 1484 558 1547 Ostis
602 1484 672 1545 ad
716 1481 1090 1567 annona(m).

567 1583 762 1635 Romae
798 1582 1051 1649 (V18450
1085 1583 1225 1633 vidit
1256 1582 1513 1651 Henzen).

571 1736 740 1806 1522
803 1740 1022 1802 Terrae
1066 1739 1238 1801 matri
1276 1737 1288 1820 Ι
1328 1741 1542 1802 Gratus
1585 1741 1734 1820 Aug.
1780 1740 1880 1800 lib.
1919 1737 1930 1820 Ι
1983 1738 2163 1801 tabul.
2215 1742 2254 1800 f.
2300 1741 2401 1802 lib.
2442 1738 2452 1825 Ι
2491 1751 2550 1804 et
2592 1745 2744 1824 pec.¹
2790 1744 2845 1805 d.
2892 1746 2950 1806 d.

572 1839 768 1891 Romae
801 1856 916 1907 rep.
953 1858 1001 1893 a.
1037 1840 1164 1892 1662
1205 1840 1312 1906 (VI
1339 1839 1437 1891 772
1475 1839 1758 1905 aliquoties
1806 1840 2071 1906 descripta
2106 1857 2244 1893 saec.
2279 1840 2473 1909 XVII).
2521 1871 2585 1880 —
2637 1846 2683 1909 1)
2725 1843 2951 1896 Tabula-

395 1928 515 1977 rius
546 1926 668 1988 fisci
702 1926 965 1977 libertatis
999 1930 1053 1976 et
1082 1927 1435 1992 peculiorum.

567 2061 736 2131 1523
799 2063 923 2125 deis
953 2073 1011 2126 et
1040 2063 1227 2124 Genio
1262 2058 1271 2144 Ι
1304 2062 1610 2124 Rhodonis
1644 2059 1654 2144 Ι
1687 2062 1974 2124 Domitiae
2005 2064 2155 2143 Aug.
2186 2082 2323 2139 ser„
2363 2063 2375 2147 Ι
2414 2073 2668 2126 exactor
2702 2066 2905 2128 hered.
2937 2063 2947 2150 Ι

398 2166 567 2246 legat.
614 2165 943 2246 peculior.¹
982 2164 991 2248 Ι
1042 2167 1134 2227 vix
1179 2183 1319 2226 ann.
1364 2184 1424 2244 p.
1470 2183 1548 2224 m.
1596 2163 1841 2239 XXIIII,
1883 2168 1894 2241 Ι
1932 2164 2241 2228 Rhodinus
2284 2167 2451 2228 fratri
2490 2166 2501 2249 Ι
2539 2167 2762 2248 optimo
2807 2169 2950 2248 piis-

396 2269 545 2331 simo
584 2264 594 2353 Ι
633 2277 691 2330 et
732 2269 971 2349 gemino
1010 2266 1021 2348 Ι
1060 2266 1169 2329 sibi
1217 2267 1372 2328 feeit.

564 2367 776 2433 Romae,
809 2384 955 2419 nune
976 2367 1293 2419 Florentiae
1329 2366 1437 2434 (VI
1453 2368 1584 2418 8454
1619 2364 1759 2417 vidit
1781 2365 2037 2432 Ilenzen).
2063 2395 2127 2404 —
2166 2371 2214 2431 1)
2240 2368 2531 2419 Exactoris
2555 2369 2947 2432 hereditatium,

398 2453 699 2518 legatorum
728 2453 1095 2519 peculiorum5
1130 2449 1204 2512 ef.
1241 2449 1551 2512 Hirschfeld
1587 2452 1763 2503 Verw,
1796 2466 1848 2517 p.
1882 2452 1963 2502 56.

568 2603 739 2674 1524
806 2652 1254 2667 ..........
1290 2600 1388 2691 [et]
1420 2605 1730 2685 Euphemo
1762 2604 2046 2666 Lucillae¹
2080 2607 2229 2686 Aug.
2273 2625 2304 2667 a
2337 2606 2559 2687 legatis,
2591 2617 2651 2669 et
2680 2608 2951 2669 Aureliae

398 2710 784 2790 Aphrodisiae
830 2710 1072 2790 coniugi
1116 2729 1274 2784 suae,
1319 2719 1379 2771 et
1421 2708 1648 2770 libertis
1690 2703 2019 2793 [libertabus
2056 2703 2479 2793 post]erisque²
2521 2728 2749 2772 eorum.

568 2809 764 2861 Romae
814 2808 923 2875 (VI
955 2812 1134 2864 843412
1202 2812 1362 2861 semel
1406 2810 1675 2874 descripta
1721 2824 1857 2859 saec.
1902 2807 2102 2874 XVII).
2151 2835 2218 2846 —-
2265 2809 2432 2859 Initio
2474 2809 2686 2876 aliquid
2726 2814 2951 2877 periisse

393 2911 501 2946 non
539 2896 796 2947 traditur.
833 2922 892 2932 -
937 2897 986 2960 1)
1021 2895 1242 2947 Lucillae
1289 2910 1379 2959 ae,
1451 2897 1500 2959 2)
1538 2911 1586 2947 n.
1624 2899 1673 2945 et
1710 2893 1958 2961 sierisque
1995 2893 2250 2944 traditur.

562 3046 731 3118 1525
801 3050 858 3110 d.
895 3070 972 3112 m.
1013 3049 1022 3133 Ι
1067 3051 1261 3111 Primo
1308 3052 1457 3131 Aug.
1503 3068 1618 3111 ser.
1660 3050 1670 3133 Ι
1708 3049 2136 3129 praesignator.
2177 3047 2187 3130 Ι
2227 3050 2554 3124 hereditat„
2594 3048 2604 3131 Ι
2642 3050 2762 3112 filio
2807 3052 2948 3132 piis-

388 3152 539 3214 simo
627 3152 685 3214 b.
734 3170 813 3212 m.

566 3150 763 3304 Iliomae
800 3253 903 3319 (VI
936 3254 1069 3305 8436
1104 3254 1270 3303 deser.
1305 3268 1440 3303 saec.
1477 3250 1636 3304 XVII
1663 3251 2021 3317 Fabrettius).

562 3403 730 3476 1526
796 3407 851 3467 d.
883 3426 962 3468 m.
1002 3405 1013 3488 Ι
1053 3406 1257 3486 Ulpiae
1300 3406 1420 3468 sive
1466 3407 1659 3467 Aeliae
1690 3406 1838 3482 Aug.
1884 3405 1984 3466 lib.
2026 3405 2036 3487 Ι
2077 3392 2278 3486 Apate,
2326 3415 2385 3467 et
2413 3406 2587 3487 Ulpio
2619 3407 2799 3470 Felici
2844 3409 2948 3484 fil„

387 3509 531 3570 vixit
568 3506 578 3591 Ι
619 3527 760 3570 ann.
823 3507 875 3568 X
925 3506 1080 3569 dieb.
1129 3508 1205 3581 C,
1264 3508 1400 3568 fecit
1438 3505 1448 3589 Ι
1508 3507 1571 3568 Ρ.
1618 3508 1818 3569 Aelius
1861 3508 2007 3587 Aug.
2053 3505 2154 3567 lib.
2200 3506 2431 3581 Florus,
2483 3509 2584 3588 qui
2624 3508 2634 3591 Ι
2672 3528 2837 3590 proc.
2884 3511 2947 3572 in

390 3611 620 3672 ratione
678 3609 882 3670 hered.
927 3609 1000 3669 ad
1045 3609 1205 3688 leges
1243 3606 1253 3691 Ι
1291 3610 1627 3689 praedior.¹‚
1673 3609 1914 3687 coniugi
1959 3608 2256 3688 piissimae
2301 3608 2750 3691 sanctislsimae,
2810 3630 2946 3674 oum

393 3729 507 3789 qua
542 3711 683 3773 vixit
727 3730 868 3773 ann.
902 3709 1132 3784 XLIIII,
1179 3712 1287 3772 sibi
1327 3708 1336 3793 Ι
1378 3711 1604 3773 libertis
1646 3709 2030 3789 libertabusq.
2078 3710 2390 3792 posterisq.
2431 3709 2442 3795 Ι
2482 3731 2708 3789 eorum,
2754 3726 2855 3777 aut
2898 3717 2948 3778 si

390 3813 487 3873 oui
531 3813 623 3875 ius
667 3813 1021 3875 monimenti
1059 3810 1071 3893 Ι
1109 3813 1426 3893 reliquere,
1471 3813 1600 3874 sine
1645 3814 2069 3877 controversia.

560 3911 757 3963 Romae
793 3912 903 3979 (VI
929 3915 1067 3966 8432
1115 3914 1401 3979 aliquoties
1444 3913 1709 3979 descripta
1755 3930 1892 3968 saec.
1927 3912 2123 3979 XVII).
2170 3942 2239 3951 -—
2289 3916 2335 3978 1)
2379 3915 2485 3979 Qui
2525 3920 2847 4008 procuravit
2887 3920 2946 3968 in

387 3999 601 4048 ratione
636 3998 1017 4049 hereditatium
1052 3999 1127 4050 aa
1159 3999 1299 4063 leges
1325 3998 1696 4063 praediorum.

560 4147 731 4219 1527
795 4152 1196 4233 Epaphrodito
1234 4151 1244 4234 Ι
1285 4154 1434 4232 Aug.
1465 4152 1565 4213 lib
1596 4153 1818 4233 Peplia.
1837 4154 1852 4186 ¹
1893 4153 1903 4236 Ι
1942 4152 2016 4214 ab
2060 4155 2365 4216 auctorita.
2395 4149 2641 4236 [ration.
2673 4155 2948 4217 heredit.²

389 4261 464 4324 (A
499 4265 651 4326 tor-go
689 4262 844 4329 arae)
876 4253 1279 4334 Epaphrodito
1319 4255 1330 4339 Ι
1369 4257 1517 4336 Aug.
1556 4256 1656 4318 lib.
1691 4256 1930 4337 Peplia.²
1971 4254 1981 4338 Ι
2019 4255 2093 4316 ab
2138 4257 2464 4330 auctorita„
2498 4255 2507 4338 Ι
2541 4256 2770 4318 Flaviae
2798 4257 2945 4317 Pre-

381 4375 531 4441 pusa
571 4354 581 4438 Ι
620 4364 678 4417 et
718 4356 819 4417 Pia
862 4364 1010 4436 patr.

560 4456 775 4522 Romae,
812 4472 911 4507 ara
951 4456 1061 4521 (VI
1076 4458 1210 4509 8459
1243 4454 1478 4518 frontem
1515 4459 1651 4508 vidit
1686 4456 1946 4523 Henzen).
1982 4485 2047 4495 -
2089 4459 2136 4522 1)
2172 4457 2441 4525 Pepliano.
2466 4486 2531 4495 —
2558 4458 2610 4521 2)
2644 4458 2725 4508 Ab
2761 4461 2946 4509 aueto-

386 4544 645 4593 ritatibus
685 4544 918 4593 rationis
964 4542 1354 4595 hereditatium.
1439 4545 1855 4607 (Auctor-itata,
1909 4542 2191 4592 adnotavit
2239 4541 2524 4593 Mommsen
2570 4542 2645 4593 ad
2687 4541 2756 4595 Ν.
2791 4541 2943 4606 4528,

379 4626 704 4692 significant
750 4628 1136 4687 instrumenta,
1186 4642 1412 4691 quorum
1460 4644 1559 4694 ope
1597 4630 1950 4694 proprietatis
1996 4630 2237 4692 quaestio
2287 4631 2468 4693 potest
2513 4628 2834 4690 diiudicari,
2882 4634 2946 4681 ut

387 4709 513 4776 Dig.
547 4711 631 4773 43,
665 4712 713 4774 7,
746 4713 816 4766 45
850 4714 1270 4763 instrumentum
1304 4713 1587 4778 emptionis
1619 4715 1748 4762 item
1783 4712 1987 4763 dieitur
2020 4715 2432 4763 instrumentum
2467 4716 2852 4776 auctoritatis).
