3432 5387
560 374 685 437 572
1702 379 1881 448 Caput
1914 378 1983 434 X.

559 548 770 600 Herode
803 550 1011 610 Attico,
1057 552 1186 600 noto
1220 550 1485 615 sophista,
1532 548 1747 600 consule
1790 549 2074 601 ordinario
2122 567 2169 602 a.
2206 552 2322 616 443,
2356 552 2570 602 Anniae
2612 551 2850 616 Regillae
2895 557 3090 620 coniugi

562 634 774 685 dicatas
820 634 940 684 vide
987 633 1039 685 C.
1087 633 1126 684 1.
1166 632 1255 684 Gr.
1290 634 1436 685 6485.
1471 635 1604 686 6280
1633 660 1699 679 -
1731 635 1897 686 Inscr.
1949 634 2039 689 Gr.
2075 634 2226 688 Sicil.
2260 636 2382 688 Ital.
2418 636 2552 692 4389
2597 639 2690 698 (==
2719 636 2906 688 Kaibel
2941 641 3091 705 epigr.

564 718 656 772 Gr.
688 720 855 785 4046).
892 720 1045 772 4392.

733 852 902 923 2931
971 857 1033 917 P.
1080 856 1230 917 Alfio
1276 857 1340 917 P.
1388 858 1428 917 f.
1474 856 1599 917 Gal.
1639 854 1650 938 ι
1688 856 1941 917 Maximo
1972 857 2211 918 Numer.
2252 864 2260 938 ι
2300 817 2607 921 Liciniano
2640 858 2822 919 xvim
2866 859 3094 922 stlitibus

565 957 880 1031 iudicand.,
920 956 930 1040 Ι
971 960 1268 1037 quaestori
1313 958 1562 1033 urbano,
1609 959 1849 1020 tribuno
1895 958 2089 1039 plebei
2127 958 2137 1033 Ι
2177 962 2503 1036 candidato,
2546 961 2808 1041 praetori
2845 959 2855 1043 Ι
2894 962 3098 1023 Parthi-

563 1060 781 1135 cario¹,
822 1059 831 1143 Ι
874 1061 936 1121 Ρ.
984 1061 1169 1123 Alfius
1213 1062 1416 1124 Avitus
1459 1063 1698 1123 Numer.
1740 1063 1750 1138 Ι
1790 1061 2126 1124 Maternus²
2172 1063 2343 1137 filius,
2383 1065 2395 1139 Ι
2432 1063 2585 1142 patri
2630 1063 2947 1124 dulcissim.

741 1159 1071 1223 Tarracone,
1118 1178 1264 1213 nunc
1312 1165 1370 1212 in
1418 1164 1617 1228 Anglia
1666 1163 1747 1224 (II
1779 1163 1905 1214 4440
1948 1163 2087 1214 vidit
2122 1163 2409 1225 Huebner).
2445 1191 2513 1201 --
2556 1166 2602 1227 l)
2648 1164 2878 1214 Praetor
2911 1165 3098 1215 Parmi-

564 1248 745 1296 carius
779 1248 827 1295 is
873 1251 976 1308 est,
1026 1249 1117 1297 cui
1164 1262 1296 1298 cura
1334 1248 1584 1300 ludorum
1616 1264 1719 1314 pro
1771 1251 2003 1298 victoria
2057 1247 2284 1298 Traiani
2317 1249 2569 1298 Parthica
2617 1249 2682 1298 ab
2722 1247 2994 1298 Hadriano
3033 1252 3099 1299 in·

560 1334 879 1382 stitutorum
927 1334 1252 1398 competebat
1299 1332 1612 1398 (Mommsen
1651 1333 1881 1385 Staatsr.
1918 1332 2010 1383 11·
2045 1349 2104 1398 p.
2138 1333 2245 1384 257
2284 1338 2392 1383 not.
2426 1335 2503 1396 ὅ).
2540 1361 2608 1370 —
2644 1334 2695 1397 2)
2744 1332 2995 1383 Fortasse
3025 1336 3096 1384 lu‘c

563 1420 643 1467 est
676 1416 851 1479 Alfius
883 1419 1077 1467 Avitus
1121 1421 1216 1482 qui
1263 1418 1505 1469 dimetris
1545 1421 1763 1484 scripsit
1796 1417 1960 1468 libros
1994 1418 2290 1482 complures
2333 1434 2515 1468 rerum
2558 1417 2960 1482 excellentium,
3002 1418 3097 1469 lau-

564 1502 724 1552 datus
741 1518 772 1551 a
801 1500 1120 1552 Terentiano
1139 1501 1334 1553 Mauro
1363 1505 1436 1564 (v.
1454 1504 1611 1571 2448)
1638 1508 1690 1553 et
1714 1520 1747 1553 a
1770 1503 1948 1554 Mario
1968 1501 2252 1554 Victorino
2271 1508 2373 1555 art.
2391 1517 2624 1567 gramm.
2644 1503 2731 1555 III
2755 1502 2835 1569 (p.
2854 1505 2949 1555 437
2969 1503 3099 1569 Keil).

734 1636 908 1708 2932
973 1640 1029 1700 d.
1077 1659 1153 1701 m.
1194 1638 1203 1723 Ι
1245 1641 1311 1701 Ρ.
1359 1641 1555 1703 Livius
1598 1641 1907 1702 Larensis¹
1959 1638 1969 1720 Ι
2018 1640 2231 1720 pontif.
2276 1640 2502 1714 minor,
2556 1639 2567 1721 Ι
2618 1641 2718 1702 hic
2766 1640 2914 1702 situs
2955 1650 3052 1702 est.
3092 1642 3099 1720 Ι

567 1742 838 1805 Cornelia
885 1743 1105 1814 Quinta
1143 1743 1152 1826 Ι
1194 1744 1403 1803 marito
1449 1743 1894 1823 incomparabili
1932 1741 1942 1825 Ι
1984 1743 2137 1804 fecit.

736 1842 933 1895 Itomae
970 1843 1076 1909 (VI
1104 1845 1243 1895 2426
1280 1844 1416 1893 vidit
1451 1843 1706 1907 Henzen).
1743 1872 1811 1881 —
1852 1846 1898 1908 t)
1934 1843 2031 1893 Hic
2066 1847 2143 1892 est
2176 1838 2503 1914 Λαρήνσιος
2545 1842 2698 1908 apud
2746 1859 2903 1909 quem
2941 1844 3103 1909 αἱρησ-

568 1930 833 1995 soplu‘stas
877 1944 1002 1980 suos
1048 1931 1390 1979 convivantes
1444 1928 1655 1979 inducit
1699 1930 2017 1980 Athenaeus.
2107 1925 2187 1988 cr.
2232 1943 2368 1992 quae
2412 1930 2643 1992 exposui
2689 1928 2873 1980 Herm.
2920 1928 3013 1980 vol.
3048 1930 3104 1979 25

560 2030 615 2079 p.
656 2012 768 2064 466.

740 2131 912 2201 2933
978 2128 1081 2218 [Μ.
1134 2126 1482 2216 Ca]ecilius¹
1529 2132 1600 2203 Q.
1634 2135 1671 2193 s.
1719 2132 1818 2204 Q.²
1860 2133 2077 2194 Natalis
2120 2132 2269 2207 aed.,
2316 2133 2526 2206 lllvir„
2573 2133 2896 2215 quaesltor,
2942 2154 2993 2213 q.
3024 2133 3105 2212 q.⁸,

565 2238 778 2319 praef.⁴
821 2234 1188 2296 coloniarum
1222 2234 1588 2294 Milevitanae
1633 2242 1692 2294 et
1728 2231 1737 2314 Ι
1779 2234 2193 2297 Rusicadensis
2233 2243 2293 2295 et
2324 2235 2709 2310 Chullitanae,
2759 2247 2992 2316 praeter
3018 2234 3111 2295 HS

566 2338 574 2419 Ι
628 2324 736 2400 IX
774 2339 876 2410 n.⁸,
922 2355 1072 2416 quae
1117 2335 1192 2397 ob
1236 2336 1528 2397 honorem
1573 2336 1878 2398 aedilitalis
1922 2349 1980 2398 et
2025 2338 2210 2398 lllvir.
2251 2340 2262 2412 Ι
2300 2348 2359 2398 et
2401 2357 2499 2416 qq.
2546 2338 2631 2399 rei
2673 2357 2739 2418 p.
2788 2338 3010 2411 intulit,
3060 2348 3107 2396 et

568 2450 819 2503 statuam
866 2458 1092 2501 aeream
1127 2436 1485 2519 Securiltatis
1528 2439 1798 2513 saeculi‘,
1845 2449 1903 2500 et
1945 2440 2267 2501 aediculam
2310 2441 2667 2521 tetrastylam
2710 2439 2721 2523 Ι
2764 2459 2900 2501 cum
2944 2450 3107 2500 statua

567 2562 735 2605 aerea
772 2541 1179 2620 Indulgentiae
1223 2537 1463 2621 dolmini
1511 2542 1697 2603 nostri
1713 2542 1754 2617 ⁶,
1801 2561 1947 2621 quas
1990 2542 2050 2603 in
2098 2543 2327 2603 honore
2370 2540 2693 2623 aedillitatis
2744 2553 2806 2603 et
2839 2542 3107 2602 Illviratus

566 2647 795 2728 posuit,
853 2656 912 2707 et
965 2643 1135 2705 ludos
1185 2640 1506 2722 scaeinicos
1551 2644 1758 2706 diebus
1816 2654 2073 2724 septem,
2135 2664 2286 2724 quos
2331 2662 2465 2706 cum
2525 2642 2815 2727 missillib.
2873 2663 2978 2725 per
3018 2641 3108 2703 1111

568 2749 868 2810 colonias⁷
914 2746 1112 2822 edidit,
1159 2765 1361 2807 arcum
1407 2743 1842 2829 trilumphalem
1890 2765 2026 2807 cum
2068 2756 2259 2808 statua
2306 2766 2475 2808 aerea
2507 2747 2756 2809 Virtutis
2802 2747 3016 2809 domini
3060 2765 3107 2806 n.

571 2851 579 2934 Ι
617 2851 902 2912 Antonini
931 2849 1126 2929 Aug.⁸,
1172 2866 1347 2927 quem
1395 2847 1470 2908 ob
1505 2848 1795 2909 honorem
1827 2846 2412 2932 quinquenflnalitatis
2441 2850 2741 2929 pollicitus
2775 2860 2880 2924 est,
2926 2848 3109 2908 eodem

566 2973 728 3016 anuo
772 2972 877 3014 sua
915 2953 925 3033 Ι
963 2952 1216 3032 pecunia
1262 2955 1534 3011 extruxit.

741 3055 919 3105 Cirtae
957 3051 1353 3119 (Constantine)
1394 3050 1553 3112 (VIII
1581 3050 1710 3102 7095
1746 3050 1885 3101 vidit
1922 3050 2268 3118 Wilmanns).
2336 3051 2537 3103 Eodem
2573 3051 2688 3101 loco
2728 3055 2970 3116 repertae
3000 3051 3111 3098 sunt

572 3145 680 3189 tres
726 3139 868 3188 aliae
915 3140 1289 3202 inscriptiones
1331 3137 1494 3201 plane
1539 3135 1729 3185 iisdem
1762 3136 1935 3186 verbis
1981 3137 2277 3201 inscriptae
2323 3135 2418 3187 sed
2464 3140 2639 3186 minus
2676 3138 2925 3200 integrae
2967 3131 3109 3194 (VIII

565 3224 936 3290 7096—7098)
953 3260 968 3287 ,
1025 3227 1308 3287 praeterea
1377 3237 1486 3271 una
1540 3220 1722 3270 eadem
1775 3223 1934 3271 verba
1988 3222 2242 3272 exhibens
2292 3221 2386 3271 sed
2451 3224 2509 3270 in
2572 3222 2790 3271 brevius
2855 3222 3109 3272 contracta

571 3307 733 3374 (VIII
750 3309 919 3374 7094).
980 3307 1224 3372 Quinque
1259 3307 1357 3356 liae
1391 3307 1771 3371 inscriptiones
1802 3308 2183 3371 pertinuerunt
2217 3306 2291 3356 ad
2312 3320 2499 3356 arcum
2535 3305 2913 3371 triumphalem
2946 3322 2977 3355 a
3002 3303 3111 3355 Cae-

569 3394 697 3444 cilio
732 3392 929 3443 Natale
964 3393 1027 3442 ob
1065 3393 1319 3442 honorem
1356 3391 1874 3456 quinquennalitatis
1908 3393 2205 3456 imperante
2241 3390 2521 3442 Caracalla
2573 3389 2671 3452 (cl'.
2708 3394 2823 3442 not.
2862 3393 2907 3442 6.
2940 3390 2995 3455 8)
3030 3404 3111 3437 ex·

567 3482 846 3528 structum.
921 3476 1180 3544 Caecilius
1214 3474 1431 3526 Natalis
1466 3477 1513 3525 is
1550 3479 1644 3540 qui
1677 3476 1825 3541 apud
1858 3474 2155 3526 Minucium
2193 3475 2426 3526 Felicem
2461 3479 2520 3525 in
2554 3476 2777 3539 dialogo
2817 3479 2909 3541 qui
2942 3475 3112 3524 inscri-

571 3564 718 3611 bitur
769 3561 1020 3611 Octavius
1065 3563 1225 3611 verba
1273 3558 1411 3620 facit
1456 3564 1646 3612 contra
1694 3560 2056 3623 Christianos,
2103 3558 2356 3610 Cirtensis
2412 3558 2526 3620 fuit
2572 3560 2713 3626 (cap.
2748 3564 2817 3612 9.·
2854 3554 3112 3612 ‘Cirtensis

570 3647 744 3696 nostri
756 3638 788 3710 ',
824 3642 895 3704 cf.
933 3661 975 3697 c.
1010 3646 1108 3698 51:
1144 3637 1296 3695 ‘tuus
1329 3645 1540 3696 Fronto
1553 3636 1623 3711 '),
1671 3660 1768 3695 nec
1803 3645 2043 3695 diversus
2076 3642 2308 3704 fortasse
2341 3645 2408 3694 ab
2445 3647 2546 3696 Ιιοσ
2579 3651 2782 3699 nostro.
2816 3673 2884 3683 —
2922 3648 2966 3708 1)
3004 3642 3114 3693 Tres

569 3733 775 3795 primas
812 3730 1021 3780 litteras
1053 3730 1295 3796 supplevi
1328 3746 1398 3780 esc
1437 3730 1572 3782 VII!
1598 3731 1742 3782 7097.
1776 3732 1921 3782 7098.
1948 3759 2010 3767 -
2049 3732 2101 3793 2)
2140 3730 2388 3794 Quirina.
2411 3758 2482 3768 —
2518 3732 2568 3790 3)
2595 3729 3033 3796 Quinquennalis.
3054 3755 3110 3764 -

573 3819 624 3881 4)
660 3815 741 3864 De
773 3813 1117 3880 praefectura
1153 3817 1318 3865 trium
1351 3815 1688 3866 coloniarum
1727 3817 2013 3867 coniuncta
2038 3830 2155 3866 cum
2180 3817 2530 3865 triumviratu
2555 3820 2609 3865 et
2632 3814 3112 3881 quinquennalitate

574 3899 815 3950 coloniae
853 3898 1109 3950 Cirtensis
1146 3898 1217 3960 cll
1257 3899 1308 3950 C.
1347 3898 1482 3950 VIII
1508 3915 1562 3964 p.
1597 3900 1707 3951 649.
1743 3927 1811 3937 -
1848 3903 1899 3966 5)
1933 3902 2038 3952 Pro
2074 3899 2304 3964 singulis
2339 3900 2660 3964 honoribus,
2698 3916 2804 3965 pro
2842 3897 3109 3955 aedilitate,

572 4001 673 4050 pro
726 3987 1101 4049 triumviratu,
1154 4000 1257 4051 pro
1307 3984 1829 4050 quinquennalitate,
1877 3988 1959 4035 rei
1996 3985 2245 4051 publicae
2289 3984 2553 4034 intulerat
2594 3982 2897 4034 sestertium
2942 3986 3110 4033 vicena

574 4070 745 4120 milia.
782 4099 844 4107 —
885 4073 936 4135 6)
971 4069 1221 4121 Statuam
1257 4069 1580 4121 Securitatis
1612 4070 1818 4120 saeculi
1853 4074 2036 4135 posuit
2071 4070 2286 4134 aedilis,
2329 4068 2630 4119 aediculam
2666 4085 2785 4120 cum
2828 4073 3003 4119 statua
3035 4065 3113 4115 In-

576 4154 884 4219 dulgentiae
928 4157 1300 4221 imperatoris,
1346 4153 1612 4204 dedicavit
1648 4157 1916 4207 triumvir.
1987 4156 2077 4206 Ad
2123 4155 2260 4206 Itane
2305 4154 2606 4205 aediculam
2648 4157 2916 4220 pertinuit
2948 4151 3114 4202 titulus

577 4239 712 4291 VIII
749 4241 905 4300 6996,
961 4257 1029 4290 ea:
1082 4257 1185 4306 quo
1235 4239 1514 4304 colligitur
1558 4242 1906 4290 triumviratu
1961 4238 2208 4301 functum
2266 4255 2374 4288 esse
2418 4237 2668 4289 Natalem
2712 4255 2857 4289 anno
2900 4237 3013 4290 240.
3056 4260 3113 4272 -·

581 4328 630 4389 7)
657 4323 1056 4388 Significantur
1082 4325 1230 4376 Cirta
1262 4329 1315 4374 et
1348 4329 1455 4374 tres
1490 4325 1731 4375 coloniae
1756 4341 1874 4375 cum
1910 4342 1971 4374 ea
2010 4327 2359 4385 contributae,
2397 4323 2573 4386 Milev,
2608 4322 2889 4388 Rusicade,
2925 4318 3112 4373 Chullu.

576 4437 644 4447 —
683 4411 731 4474 8)
767 4410 1130 4474 Significatur
1167 4408 1463 4461 Caracalla.

748 4545 918 4615 2934
985 4548 1046 4609 C.
1094 4548 1271 4610 Sallio
1315 4549 1716 4609 Aristaeneto¹
1778 4567 1827 4608 c.
1874 4567 1956 4620 v.,
2010 4550 2019 4624 Ι
2072 4547 2424 4627 septemviro
2483 4546 2837 4625 epulonum,
2889 4547 2899 4622 Ι
2948 4539 3112 4606 sodali

585 4651 907 4728 Augustali,
954 4649 1217 4736 iuridilco
1263 4669 1372 4730 per
1415 4650 1698 4711 Picenum
1748 4659 1807 4710 et
1851 4650 2140 4730 Apuliam,
2179 4647 2190 4730 Ι
2230 4649 2491 4710 curatori
2531 4650 2757 4710 viarum
2801 4647 3058 4709 Aureliae
3098 4637 3108 4723 Ι

585 4749 890 4813 Corneliae
918 4752 1308 4833 triumphaliS,
1347 4751 1358 4834 Ι
1397 4752 1654 4832 praetori
1687 4751 1743 4811 k.
1776 4752 2069 4826 tutelario‚
2115 4752 2411 4830 quaestori
2451 4753 2461 4833 Ι
2499 4751 2802 4830 designato
2835 4760 2894 4811 et
2922 4746 3109 4809 eodem
