3432 5387
901 420 1071 476 Tituli
1107 421 1493 489 imperatorum
1529 421 1832 490 domusque
1865 419 2263 489 imperatoriae.
2781 419 2859 478 57

286 596 379 645 liic
406 598 658 645 servatus
697 598 778 644 est
803 593 880 645 VI
901 594 1051 660 922).
1075 621 1138 630 -
1171 596 1216 657 1)
1244 591 1322 653 Cf.
1358 608 1525 657 supra
1556 591 1625 643 N.
1650 594 1742 643 176
1758 608 1862 657 seq.
1889 620 1952 628 —
1980 594 2030 651 2)
2063 591 2326 643 Sacerdos
2358 592 2474 641 divi
2496 593 2735 658 Augusti
2756 593 2865 644 An-

289 682 449 730 tonia
485 678 637 729 dicta
663 683 744 729 est
779 695 814 729 a
842 677 1121 743 Caligula5
1156 675 1225 739 cll
1252 677 1359 728 Dio
1381 680 1465 741 59,
1488 680 1559 739 3,·
1592 679 1801 727 nummi
1833 692 1921 742 ap.
1952 676 2155 727 Eckltel
2182 678 2231 740 6,
2254 677 2364 728 179.
2399 706 2462 715 -
2502 679 2551 742 3)
2588 678 2650 728 In
2685 681 2866 728 omnia

290 763 529 829 collegia
562 764 928 815 sacerdotalia
963 767 1273 829 cooptatum
1314 778 1424 813 esse
1457 759 1724 814 Neronem
1773 778 1940 828 supra
1976 777 2258 812 numerum
2293 778 2362 813 ex
2394 779 2435 815 s.
2473 779 2516 814 c.
2555 767 2709 814 testes
2741 767 2872 813 sunt

292 851 506 899 mni
539 865 629 915 ap.
667 849 875 900 Eckbel
903 850 952 912 6,
983 850 1100 901 261.
1169 848 1401 900 Factum
1446 847 1507 898 id
1548 863 1657 897 esse
1701 862 1753 897 a.
1786 846 1849 898 51
1901 846 1987 912 (id
2033 850 2109 896 est
2153 846 2333 897 eodem
2378 863 2520 898 anno
2566 863 2671 913 quo
2714 850 2868 914 prin-

295 949 425 1000 ceps
466 936 764 985 iuventutis
808 934 1105 1000 appellatus
1146 938 1201 983 et
1243 933 1432 984 consul
1476 932 1788 996 designatus
1833 936 1935 995 est,
1983 929 2054 993 cs'.
2092 930 2269 1000 infra)
2309 933 2464 983 docet
2496 932 2678 984 tabula
2712 931 2866 983 soda-

295 1020 441 1069 lium
474 1019 863 1084 Augustalium
899 1020 1007 1086 (VI
1038 1004 1207 1087 1984),
1241 1020 1337 1069 ubi
1372 1018 1574 1083 legitur
1605 1020 1702 1068 sub
1741 1019 1841 1067 hoc
1876 1032 2050 1069 anno.-
2094 1017 2367 1082 [o]dlectus
2404 1016 2467 1068 ad
2504 1032 2770 1069 numerum
2805 1032 2868 1069 ex

298 1118 343 1155 s.
384 1120 432 1156 c.
470 1104 634 1168 [Nero
673 1105 945 1169 Claudius]
983 1105 1167 1156 Caesar
1203 1104 1332 1169 Aug.
1369 1100 1449 1166 [Ιί]
1484 1101 1833 1167 Germanicae,
1867 1105 2121 1154 instituta
2156 1105 2318 1154 liuius
2351 1103 2669 1154 adlectionis
2703 1118 2867 1153 causa

299 1188 534 1239 decuria
568 1191 820 1240 vicesima
853 1193 1094 1257 septima.
1167 1191 1231 1241 In
1267 1189 1427 1240 titulo
1463 1192 1809 1240 recensentur
1839 1188 2066 1253 collegia
2103 1192 2312 1238 tantum
2347 1192 2608 1254 quattuor
2641 1190 2867 1237 maiora.

297 1301 372 1312 —
411 1275 463 1333 4)
501 1275 754 1340 Princeps
789 1277 1081 1326 iuventutis
1114 1275 1437 1342 appellatus,
1476 1274 1639 1324 simul
1671 1275 1861 1324 consul
1895 1274 2205 1338 designatus
2244 1275 2301 1324 in
2338 1274 2644 1323 vicesimum
2678 1275 2869 1323 aetatis

297 1373 513 1409 annum
538 1358 681 1410 Nero
719 1366 798 1411 est
819 1378 869 1414 a.
892 1362 976 1426 51,
1013 1365 1140 1411 teste
1182 1360 1370 1412 Tacito
1395 1375 1522 1411 ann.
1545 1360 1630 1423 12,
1652 1358 1732 1410 41.
1765 1386 1834 1398 -
1858 1362 1908 1419 5)
1939 1360 2135 1412 Versus
2169 1358 2320 1419 duos,
2350 1361 2571 1423 praeter
2605 1362 2870 1407 extremas

298 1442 523 1494 litteras
556 1443 628 1509 (υ.
656 1445 681 1495 1
715 1445 812 1508 fin.
850 1485 863 1498 .
885 1485 898 1498 .
918 1483 932 1497 .
953 1483 966 1497 .
986 1462 1032 1510 c,
1068 1462 1112 1496 v.
1136 1447 1172 1497 2
1210 1483 1223 1497 .
1244 1484 1257 1497 .
1279 1483 1292 1497 .
1314 1482 1327 1496 .
1351 1445 1427 1512 u),
1456 1447 1684 1511 periisse
1713 1447 1870 1494 notat
1893 1443 2230 1507 Florentius5
2263 1443 2358 1494 sed
2389 1446 2486 1494 vix
2515 1447 2692 1509 potest
2724 1444 2869 1507 quic·

300 1543 471 1593 quam
500 1532 726 1594 periisse
754 1536 976 1597 praeter
1013 1532 1265 1582 Octaviae
1300 1546 1489 1582 nomen
1520 1529 1892 1596 gentilicium,
1927 1530 2073 1594 quod
2101 1528 2214 1590 l'uit
2251 1528 2506 1591 Claudia,·
2544 1525 2615 1589 cf.
2653 1527 2869 1577 titulum

302 1612 553 1664 Samium
588 1615 815 1681 (editum
860 1633 895 1667 a
933 1614 1190 1668 Guerinio
1224 1617 1555 1681 description
1590 1616 1654 1666 de
1692 1615 1905 1666 Patmos
1940 1619 1992 1664 et
2027 1615 2091 1665 de
2128 1615 2317 1667 Samos
2348 1629 2401 1679 p.
2425 1614 2587 1680 215).·
2625 1604 2658 1666 ὃ
2696 1612 2870 1681 δῆμος

305 1699 599 1753 Κλαυδίαν
639 1691 970 1755 Ὀκταουίαν
1015 1694 1118 1770 τὴν
1162 1708 1405 1772 γυναῖκα
1456 1702 1560 1757 τοῦ
1605 1703 1912 1773 Σεβαστοῦ
1956 1700 2228 1772 Νέρωνος
2277 1698 2562 1755 Κλαυδίου
2605 1691 2872 1769 Δρούσου

306 1782 613 1853 Καίσαρος
646 1787 1012 1853 Γερμανικοῦ
1046 1778 1479 1858 αὐτοκράτορος
1490 1807 1512 1849 ,-
1546 1784 1617 1846 cll
1653 1788 1815 1836 etiam
1851 1787 2093 1838 719015.

481 1919 613 1990 223
677 1923 859 1984 Iuliae
882 1926 1177 2003 Augustae
1216 1921 1227 2005 Ι
1268 1924 1602 1985 Germanici
1629 1923 1876 1986 Caisaris
1909 1918 2005 2008 [fi]
2043 1920 2442 2020 lAgrippinass
2476 1917 2485 2004 Ι
2520 1921 2608 1982 Ti.
2641 1915 2877 2004 C[Iaudi

310 2019 628 2111 G]aisa[rie
668 2020 937 2110 Auyueti]
981 2024 990 2109 Ι
1030 2071 1045 2087 .
1092 2071 1107 2086 .
1156 2071 1171 2086 .
1220 2070 1235 2087 .

485 2125 651 2177 Caere
685 2141 795 2190 rep.
837 2124 942 2190 (XI
967 2128 1132 2189 3600,·
1167 2125 1412 2176 Huebner
1444 2143 1528 2177 eac.
1563 2141 1667 2178 scr.
1704 2141 1786 2192 ep.
1823 2125 1963 2192 102).

481 2260 615 2332 224
680 2264 769 2325 Ti.
802 2263 1057 2338 Claudio,
1099 2264 1110 2346 Ι
1149 2264 1239 2325 Ti.
1277 2265 1478 2327 Claudi
1525 2266 1787 2327 Caesaris
1825 2262 1834 2349 Ι
1874 2265 2121 2346 Augusti
2154 2263 2491 2327 Germanici
2531 2261 2541 2342 Ι
2579 2283 2637 2342 p.
2683 2281 2742 2341 p.
2791 2262 2873 2332 f.¹‚

306 2366 568 2428 Neroni²
605 2362 616 2451 Ι
657 2367 886 2427 Caesari
925 2362 936 2446 Ι
973 2367 1028 2427 d.
1075 2367 1131 2427 d.

484 2466 718 2532 Neapoli
751 2469 810 2516 in
842 2481 1037 2530 museo,
1075 2468 1337 2532 Pompeiis
1370 2471 1432 2517 ut
1464 2468 1679 2519 videtur
1711 2485 1824 2535 rep.
1863 2469 1941 2534 (Χ
1967 2470 2115 2535 932).
2154 2498 2220 2507 -
2262 2467 2473 2519 Titulus
2502 2469 2711 2532 positus
2740 2468 2873 2530 puto

308 2550 519 2602 Neroni
552 2566 664 2602 non
699 2551 927 2601 multum
954 2556 1081 2616 post
1113 2552 1454 2617 adoptionem
1489 2551 1577 2617 (V
1589 2553 1694 2604 kal.
1720 2554 1880 2605 Mart.
1905 2571 1951 2605 a.
1976 2557 2042 2605 50
2079 2552 2149 2615 cf.
2187 2553 2254 2604 Ν.
2280 2555 2386 2605 229
2421 2570 2468 2603 υ.
2490 2551 2604 2617 58),
2638 2549 2876 2599 nondum

310 2636 524 2686 consuli
558 2635 835 2702 designato
872 2640 923 2685 et
954 2636 1227 2687 sacerdoti
1261 2637 1610 2703 collegiorum
1645 2642 1883 2690 omnium
1922 2636 2018 2705 (cf.
2047 2638 2109 2690 Ν.
2133 2640 2244 2691 222
2269 2644 2378 2690 not.
2402 2638 2482 2706 3).
2553 2636 2616 2685 In
2639 2636 2740 2685 Ιιοο
2760 2633 2874 2684 solo

309 2722 472 2773 titzdo
497 2721 709 2773 Neroni
742 2721 906 2772 datur
935 2721 1138 2772 Tiberii
1162 2737 1520 2788 praenomen,
1556 2739 1675 2775 cum
1710 2728 1770 2776 in
1804 2725 2029 2790 reliquis
2064 2726 2306 2774 omnibus
2329 2723 2474 2774 Nero
2506 2720 2877 2788 praenominis

311 2807 489 2858 locum
526 2811 776 2871 κουρεῖ,-
811 2812 1045 2857 ceterum
1080 2811 1243 2859 etiam
1278 2809 1384 2859 Dio
1421 2808 1594 2875 (apud
1624 2810 1758 2862 Zon.
1784 2810 1863 2872 11,
1889 2810 1974 2877 10)
2022 2808 2196 2871 filium
2235 2809 2569 2874 Agrippinae
2609 2803 2876 2877 Τιβέριον

314 2887 603 2949 Κλαύδιον
622 2889 866 2962 Νέρωνα
892 2894 1160 2962 Δροῦσον
1183 2889 1550 2965 Γερμανικὸν
1575 2895 1842 2966 Καίσαρα
1867 2913 1900 2947 a
1929 2895 2152 2946 Claudio
2177 2894 2505 2970 appellatum
2528 2908 2637 2942 esse
2670 2892 2876 2943 scribit.

484 3028 615 3099 225
684 3032 838 3092 Nero
870 3031 1145 3094 Claudius
1177 3033 1290 3094 divi
1321 3033 1523 3096 Claudi
1552 3036 1612 3109 f„
1651 3033 1662 3114 Ι
1704 3034 2037 3096 Germanici
2073 3033 2333 3096 Caesaris
2378 3033 2479 3106 n.¹‚
2525 3031 2637 3093 divi
2675 3029 2685 3114 Ι
2725 3030 2873 3110 Aug.

314 3134 519 3207 abus,
559 3133 647 3194 Ti.
697 3134 959 3196 Caesaris
1003 3135 1230 3214 pron.⁸‚
1270 3134 1282 3217 Ι
1321 3144 1394 3196 tr.
1439 3146 1563 3216 pot.
1580 3135 1620 3211 ⁴,
1668 3136 1834 3215 imp„
1879 3155 1999 3198 cos.
2040 3135 2052 3216 Ι
2092 3182 2105 3196 .
2140 3182 2154 3196 .
2190 3182 2204 3197 .
2240 3181 2254 3195 .

490 3235 664 3301 Prope
690 3234 987 3286 Cordubam
1018 3251 1147 3301 rep„
1183 3236 1322 3302 lapis
1347 3237 1618 3287 miliarius
1642 3236 1873 3286 eiusdem
1911 3239 2028 3285 viae
2063 3239 2220 3286 cuius
2243 3234 2307 3286 Ν.
2333 3236 2448 3286 102.
2472 3234 2572 3286 193
2608 3233 2693 3299 (ΙΙ
2707 3232 2874 3298 4719).

317 3348 382 3356 -
425 3321 474 3383 1)
513 3317 821 3371 Germanici
853 3335 1017 3385 nepos
1050 3317 1163 3380 fuit
1195 3318 1343 3371 Nero
1382 3336 1483 3386 per
1515 3326 1739 3372 matrem
1772 3321 2151 3387 Agrippinam.
2188 3348 2253 3359 —
2291 3321 2343 3382 2)
2381 3320 2615 3385 Augusti
2648 3320 2879 3385 abnepos

313 3403 464 3456 Nero
501 3403 617 3465 suit
651 3404 855 3470 duplici
888 3409 1126 3471 ratione,
1173 3410 1225 3456 et
1250 3421 1354 3471 per
1388 3408 1568 3456 aviam
1602 3408 1963 3472 Agrippinam
1997 3409 2280 3466 maiorem,
2324 3408 2518 3472 quippe
2566 3419 2702 3470 quae
2748 3407 2880 3453 nata

313 3496 449 3541 esset
482 3506 552 3540 esc
588 3490 730 3540 Iulia
764 3491 1002 3554 Augusti
1034 3491 1170 3556 filia,
1208 3496 1260 3540 et
1288 3506 1389 3556 per
1422 3507 1579 3541 avum
1619 3491 2013 3553 Germanicum,
2052 3493 2246 3557 quippe
2283 3492 2378 3556 qui
2406 3506 2506 3556 per
2539 3490 2879 3554 adoptionem

312 3573 503 3636 sactus
546 3578 682 3624 esset
724 3591 888 3640 nepos
923 3576 1176 3641 Augusti.
1221 3604 1291 3615 --
1339 3578 1392 3642 3)
1427 3576 1629 3628 Mirum
1656 3592 1923 3642 proavum
1972 3576 2287 3628 collocatum
2331 3591 2439 3624 esse
2477 3578 2599 3640 post
2635 3575 2877 3625 abavum.

316 3659 553 3711 Videtur
583 3657 783 3710 Rhea-ia·
815 3663 1014 3711 mentio
1044 3664 1283 3727 primum
1318 3663 1530 3723 omissa,
1569 3667 1679 3712 tum
1715 3661 1926 3712 adiecta
1961 3678 1994 3712 a
2020 3661 2371 3727 quadratario
2397 3660 2512 3711 loco
2537 3676 2646 3712 non
2668 3675 2783 3724 suo,
2819 3675 2879 3710 eo

316 3746 529 3796 scilicet
553 3746 667 3797 loco
693 3760 798 3810 quo
821 3747 990 3795 scribi
1012 3745 1271 3797 debebant
1294 3746 1539 3799 Caesaris
1561 3750 1615 3795 ct
1635 3747 1873 3811 Augusti
1905 3746 2181 3797 vocabula.
2241 3747 2480 3796 Proavus
2504 3743 2738 3795 Neronis
2770 3741 2883 3805 fuit

326 3829 604 3893 Tiberius,
648 3834 831 3897 utpote
870 3834 1030 3896 pater
1070 3831 1351 3898 adoptivus
1390 3831 1708 3883 Germanici.
1745 3860 1814 3869 —
1849 3834 1899 3897 4)
1933 3831 2079 3883 Nero
2116 3847 2234 3882 cum
2270 3834 2566 3895 imperator
2598 3827 2778 3890 factus
2809 3831 2884 3879 sit

318 3918 372 3968 d.
405 3917 476 3969 13
503 3916 613 3967 Oct.
639 3919 721 3978 54,
760 3918 1107 3967 tribuniciam
1137 3920 1453 3981 potestatem
1489 3917 1715 3968 alteram
1753 3922 1962 3983 oportet
2004 3918 2344 3968 inchoaverit
2379 3916 2428 3967 d.
2467 3916 2533 3968 13
2561 3914 2668 3966 Oct.
2692 3917 2776 3966 55.
2814 3942 2881 3951 -

323 4004 375 4064 5)
412 4002 655 4052 mimum
701 4001 1039 4052 consulatum
1074 4000 1218 4053 Nero
1266 4003 1398 4051 iniit
1432 4018 1479 4054 a.
1513 4004 1599 4055 55.
1667 4001 1794 4054 Nisi
1837 4005 2012 4067 igitur
2046 4001 2153 4053 des.
2190 4002 2333 4051 deest
2362 4004 2485 4067 post
2519 4014 2653 4063 cos„
2696 3999 2884 4049 titulus

311 4089 530 4152 positus
564 4091 643 4137 est
676 4090 819 4139 inter
854 4087 959 4140 leat.
997 4088 1110 4140 Ian.
1147 4091 1202 4137 et
1232 4087 1301 4140 13
1329 4086 1439 4138 Oct.
1467 4102 1514 4138 a.
1534 4090 1621 4141 55.
1665 4116 1736 4126 -
1781 4090 1961 4139 Patris
1989 4088 2207 4153 patriae
2243 4102 2433 4138 nomen
2467 4084 2612 4136 Nero
2641 4086 2882 4150 primum

320 4171 640 4238 deprecatus
676 4179 751 4224 est
787 4172 959 4239 (Suet.
995 4171 1122 4227 Ner.
1158 4174 1247 4240 8),
1300 4173 1442 4223 unde
1488 4175 1651 4223 etiam
1697 4174 1757 4223 in
1802 4175 2033 4223 nummis
2080 4175 2350 4238 comparet
2393 4187 2503 4221 una
2548 4185 2667 4221 cum
2710 4169 2882 4220 altera

318 4256 533 4308 denum
569 4260 864 4308 tribunicia
894 4262 1156 4324 potestate
1192 4258 1420 4324 (Eckhel
1448 4262 1497 4320 6,
1530 4258 1678 4324 263).

495 4377 627 4448 226
691 4380 764 4451 Q.
811 4380 1050 4442 Volusio
1101 4382 1358 4452 Saturn.‚
1398 4380 1408 4463 Ι
1450 4382 1511 4442 Ρ.
1559 4380 1834 4442 Cornelio
1880 4380 2038 4460 Scip.
2086 4380 2256 4453 cos.¹‚
2298 4382 2308 4457 Ι
2347 4377 2696 4457 Augustales
2734 4375 2744 4459 Ι
2784 4375 2886 4454 qui

324 4479 340 4545 ¹.
378 4476 396 4543 Ι
430 4477 444 4544 l
481 4478 498 4545 ,¹
534 4478 550 4545 ,¹
586 4477 652 4544 ‚¹⁸
682 4482 925 4545 Claudio
965 4479 975 4564 Ι
1015 4482 1245 4545 Caesari
1276 4484 1522 4564 August.
1568 4492 1627 4544 et
1660 4478 1668 4560 Ι
1702 4480 1722 4546 l
1754 4478 1773 4546 ,Ι
1804 4476 1820 4546 ‚¹
1857 4478 1876 4546 ,Ι
1907 4478 1923 4547 1
1959 4477 1974 4545 l
2008 4477 2023 4548 l
2060 4478 2074 4546 l
2112 4477 2166 4545 Ρ
2196 4483 2491 4561 Augustae
2536 4485 2567 4556 Ι,
2615 4478 2659 4539 l.
2705 4499 2761 4540 ο.
2805 4496 2883 4538 m.

326 4596 388 4646 et
427 4585 618 4647 Genio
665 4584 985 4665 coloniae-l
1024 4586 1195 4647 ludos
1239 4586 1416 4647 fecer.
1464 4585 1597 4647 Xlll
1640 4585 1750 4646 XII
1795 4586 1852 4646 k.
1899 4585 2088 4656 Mart„
2138 4583 2150 4658 Ι
2189 4583 2252 4645 C.
2299 4583 2586 4644 'Pantilius
2631 4583 2692 4644 C.
2740 4582 2801 4644 C.
2847 4582 2884 4643 l.

326 4687 486 4769 Hyla,
527 4686 539 4768 Ι
578 4688 686 4749 Cn.
719 4687 943 4748 Pollius
978 4687 1084 4748 Cn.
1130 4688 1169 4748 l.
1204 4687 1419 4761 Victor,
1461 4686 1471 4768 Ι
1511 4689 1571 4748 C.
1619 4686 1803 4749 lulius
1849 4687 1910 4748 C.
1957 4689 1996 4748 l.
2030 4686 2326 4767 Glaphyr„
2365 4683 2378 4768 Ι
2418 4684 2828 4748 curatoribus⁸
2873 4680 2882 4766 Ι
