3432 5387
548 410 670 469 288
1649 413 1830 481 caput
1864 414 1988 467 1111.

713 580 910 632 Romae
945 580 1070 631 olim
1106 584 1164 631 in
1200 581 1453 632 basilicae
1477 581 1851 632 Latet-ariensis
1886 583 2082 647 abside,
2124 585 2183 633 in
2220 599 2377 648 opere
2410 587 2632 646 musivo,
2666 588 2836 651 periit
2871 604 2922 639 a.
2949 587 3078 639 4294
3097 607 3122 637 .·

543 670 795 718 accurate
818 667 1084 731 descripta
1109 667 1312 730 legitur
1333 669 1390 716 in
1417 667 1599 718 codice
1621 683 1757 718 saec.
1785 668 1860 719 IX
1883 669 2009 720 olim
2035 668 2484 719 Laureshamensi
2506 686 2650 720 nunc
2676 671 3115 723 Palatino-Vati-

546 768 710 815 cano,·
744 753 972 802 alterum
1010 753 1382 818 apographum
1410 755 1682 817 reperitur
1706 758 1764 803 in
1787 754 1993 821 sylloge
2016 756 2433 819 inscriptionum
2457 756 2710 806 basilicae
2734 756 3122 808 Later-anemis

544 835 696 897 facta
740 853 878 887 saec.
912 837 1020 888 XII
1060 838 1145 887 vel
1177 837 1332 899 XIII,
1382 854 1542 904 quam
1586 840 1830 890 adhibuit
1867 841 2157 890 Panvinius
2202 844 2256 889 et
2302 856 2438 906 quae
2482 846 2765 906 praeterea
2807 846 3119 909 perscripta

543 926 816 988 reperitur
852 925 908 971 in
947 922 1127 972 codice
1162 924 1348 988 aliquo
1375 923 1687 977 Sessoriano
1726 925 1815 990 (de
1839 926 1993 977 Ποσει·
2014 928 2177 976 inscr.
2204 927 2314 976 chr.
2342 925 2396 975 II
2417 926 2443 976 4
2476 943 2530 991 p.
2557 926 2667 991 449,
2690 926 2784 990 47,·
2814 944 2868 993 p.
2891 929 3009 994 507,
3031 929 3114 996 5).

544 1038 613 1046 —
652 1009 699 1070 1)
727 1006 900 1058 Victor
924 1005 1291 1058 Constantinus
1325 1010 1533 1074 sylloge
1559 1011 1939 1062 Later-ariensis
1974 1011 2299 1076 compendiis
2333 1011 2470 1061 male
2502 1013 2692 1062 solutis
2717 1010 2954 1077 (Flavius
2979 1011 3116 1065 Con-

545 1095 763 1146 stantius
813 1091 954 1144 Felix
993 1090 1167 1143 Victor
1212 1093 1382 1144 edidit
1424 1095 1761 1162 Panvinius).
1800 1126 1864 1134 —
1902 1098 1954 1159 2)
1989 1097 2152 1147 Felix
2180 1098 2451 1161 patricius
2496 1102 2550 1147 et
2582 1101 2841 1162 magister
2874 1098 3108 1149 militum

547 1183 877 1231 memoratur
912 1180 976 1228 ab
1008 1178 1179 1228 Idalio
1214 1181 1310 1228 sub
1345 1195 1394 1231 a.
1418 1181 1537 1246 425,
1571 1197 1603 1230 a
1628 1181 1890 1247 Prospero
1924 1184 2020 1232 sub
2045 1198 2094 1232 a.
2118 1183 2232 1233 426.
2255 1182 2369 1234 427.
2393 1182 2508 1233 429.
2565 1181 2761 1234 Consul
2794 1184 3115 1235 ordinarius

544 1263 656 1325 fuit
688 1282 739 1316 a.
773 1266 890 1317 428.
963 1263 1239 1314 Inter-emit
1270 1270 1320 1313 et
1354 1267 1528 1328 ipsum
1565 1270 1618 1314 et
1649 1282 1875 1317 uxorem
1912 1270 2025 1316 eius
2061 1267 2346 1317 Padusiam
2393 1283 2442 1317 a.
2477 1269 2578 1320 450
2613 1269 2802 1318 Aetius
2838 1268 3105 1334 (Prosper,

546 1351 769 1412 Matius,
809 1349 1151 1400 Marcellinus
1186 1350 1259 1399 ad
1292 1366 1340 1400 a.
1375 1351 1516 1418 450).
1589 1351 1678 1401 Ex
1712 1353 1797 1401 liis
1832 1351 2048 1401 titulum
2077 1355 2314 1417 positum
2350 1368 2460 1402 esse
2492 1356 2637 1402 inter
2671 1369 2720 1405 a.
2756 1354 2979 1420 4281450
3015 1370 3111 1419 ap-

541 1440 716 1501 paret.
791 1432 870 1494 Cf.
907 1432 1059 1494 infra
1094 1433 1161 1486 N.
1200 1436 1346 1487 4298.

717 1602 888 1673 1294
954 1605 1038 1666 Fl.
1086 1606 1344 1666 Ricimer
1388 1626 1439 1665 v.
1485 1607 1565 1679 i.¹‚
1613 1607 1907 1685 magister·
1937 1606 2242 1685 utriusque
2285 1607 2561 1682 militiae,
2607 1608 2890 1687 patricius
2934 1619 2994 1670 et
3037 1628 3108 1670 ex

546 1728 712 1770 cons.
760 1708 932 1782 ord.²,
977 1727 1086 1788 pro
1133 1719 1269 1768 voto
1314 1728 1421 1769 suo
1467 1709 1792 1769 adornavit.

717 1807 931 1870 Romae,
967 1811 1027 1858 in
1064 1809 1283 1859 ecclesia
1319 1807 1372 1860 S.
1398 1809 1662 1873 Agathae,
1695 1811 1756 1858 in
1792 1825 1950 1874 opere
1983 1813 2206 1872 musivo,
2242 1812 2457 1875 saepius
2494 1811 2761 1876 descripta
2795 1826 2930 1862 saec.
2967 1809 3111 1875 XVI,

546 1896 641 1945 sub
680 1898 836 1944 cuius
859 1894 1019 1955 finem
1039 1897 1208 1961 periit
1243 1894 1333 1959 (de
1359 1893 1510 1944 Rossi
1542 1895 1705 1945 inser.
1745 1895 1857 1947 chr.
1896 1895 1963 1956 II,
2001 1895 2027 1945 4
2070 1910 2127 1960 p.
2161 1897 2265 1947 458
2299 1911 2349 1946 n.
2378 1895 2477 1947 427
2512 1895 2586 1946 ad
2615 1897 2929 1962 apographa
2967 1896 3113 1946 Petri

547 1979 756 2042 Sabini,
794 1980 1094 2045 Cittadiniag
1123 1979 1415 2047 Winglzii).
1450 2007 1517 2015 —
1557 1981 1605 2042 1)
1633 1979 1735 2030 Wr
1756 1980 2020 2029 inlustris.
2045 2007 2106 2015 —
2137 1983 2188 2041 2)
2226 1978 2456 2029 Ricimer
2479 1981 2667 2030 consul
2686 1979 2799 2041 fuit
2831 1998 2883 2032 a.
2906 1982 3019 2032 459.
3044 2005 3111 2018 ·-—

546 2064 797 2128 Ricimer,
832 2068 992 2114 natus
1011 2069 1168 2131 patre
1194 2065 1381 2126 Suebo,
1416 2067 1588 2113 matre
1625 2062 1796 2114 Gotho
1835 2063 2118 2129 (Sidonius
2148 2080 2342 2131 paneg.
2377 2068 2437 2115 in
2472 2065 2719 2118 Anthem.
2752 2067 2898 2134 564),
2932 2070 3105 2116 sectae

549 2151 790 2200 Arianae
822 2147 990 2210 fuisse
1019 2149 1294 2214 putandus
1329 2153 1419 2200 est.
1490 2149 1563 2198 Et
1600 2147 1712 2209 suit
1747 2149 1858 2199 illis
1893 2151 2216 2216 temporibus
2251 2152 2469 2201 ecclesia
2505 2151 2560 2202 S.
2599 2153 2845 2216 Agatkae
2878 2155 3107 2215 urbana,

547 2250 707 2300 quam
731 2235 821 2285 ille
845 2235 1152 2299 adornavit,
1176 2236 1526 2297 Arianorum,
1550 2236 1848 2299 mansitque
1870 2250 2037 2300 usque
2060 2236 2132 2285 ad
2155 2240 2392 2301 tempora
2423 2235 2676 2301 Gregorii
2699 2237 2889 2304 Magni
2916 2254 3112 2305 papae,

549 2324 611 2370 ul
643 2325 869 2385 apparet
902 2336 972 2370 ex
1008 2322 1168 2370 huius
1203 2319 1330 2371 dial.
1363 2320 1417 2380 5,
1450 2322 1520 2371 50
1556 2323 1608 2369 et
1642 2335 1711 2369 ex
1747 2320 1884 2370 libro
1915 2320 2235 2385 pontificali.

720 2472 890 2542 1295
956 2480 1037 2551 -ι-
1076 2481 1085 2547 1
1124 2474 1286 2535 Felix
1315 2494 1367 2534 v.
1399 2475 1434 2535 i.
1476 2473 1484 2558 Ι
1526 2494 1596 2535 ex
1628 2474 1874 2536 consule
1905 2475 2073 2548 ord.¹‚
2115 2476 2124 2556 Ι
2163 2495 2365 2537 servus
2394 2476 2581 2550 vest.¹‚
2612 2495 2720 2556 pro
2762 2479 2772 2559 Ι
2812 2478 3113 2539 continuis

550 2572 876 2659 benelficiis
921 2577 1127 2638 vestris
1167 2572 1176 2656 Ι
1216 2578 1447 2656 optulit.

722 2679 894 2744 Prope
930 2677 1124 2730 Gabios
1170 2695 1280 2744 rep.
1328 2683 1514 2743 cippus
1549 2680 1626 2727 est
1660 2676 1855 2728 Romae
1888 2679 1949 2727 in
1982 2692 2163 2728 museo
2201 2676 2551 2729 Lateranensi
2586 2678 2749 2744 (XIV
2773 2681 2909 2732 2824
2945 2680 3110 2732 deser.

550 2766 616 2815 de
651 2764 847 2831 Rossi).
885 2793 947 2801 -
990 2768 1036 2829 1)
1071 2766 1136 2816 A.
1170 2765 1285 2816 544.
1318 2792 1388 2802 -
1425 2765 1475 2827 2)
1512 2764 1708 2815 Servus
1745 2768 1930 2824 vester,
1966 2764 2172 2813 scilicet
2204 2769 2532 2816 sanctorum.

719 2917 889 2989 1296
946 2920 1257 2980 Memmius
1302 2919 1612 2980 Sallustius
1650 2922 1660 2995 Ι
1701 2918 1972 2980 Salvinus
2017 2918 2259 2980 Dianius
2302 2938 2352 2978 v.
2401 2920 2471 2979 s.¹
2521 2919 2534 3002 Ι
2586 2919 2882 2981 basilicam
2941 2939 3111 2982 sanc-

547 3034 743 3084 torum
784 3023 794 3104 Ι
833 3023 1181 3102 angelorum
1229 3022 1383 3095 fecit,
1431 3022 1490 3081 in
1530 3018 1538 3101 j
1581 3039 1695 3098 qua
1742 3020 2000 3100 sepelliri
2047 3040 2168 3081 non
2214 3021 2369 3081 licet.

721 3123 893 3189 Prope
929 3122 1200 3172 Perusiam
1236 3137 1346 3186 rep.
1384 3120 1488 3183 (XI
1516 3123 1652 3173 2089
1688 3121 1854 3172 descr.
1891 3120 2158 3171 Marinius
2193 3119 2439 3185 aliique).
2474 3149 2540 3159 -
2571 3124 2618 3185 1)
2659 3122 2759 3173 Vir
2792 3121 3108 3187 spectabilis.

728 3290 898 3360 1297
961 3300 1041 3368 -l-
1074 3293 1267 3372 Opilio
1298 3313 1350 3353 v.
1377 3312 1428 3354 c.
1464 3289 1473 3375 1
1508 3304 1567 3354 et
1596 3293 1723 3367 inl„
1755 3313 1813 3373 p.
1841 3313 1897 3373 p.
1923 3295 2055 3373 adq.
2090 3294 2099 3377 Ι
2132 3294 2433 3374 patricius,
2465 3294 2620 3355 hanc
2652 3290 2662 3376 Ι
2696 3293 2992 3355 basilicam
3023 3295 3112 3355 vel

551 3391 895 3477 oraltorium
949 3395 1008 3456 in
1068 3396 1299 3456 honore
1353 3392 1362 3476 Ι
1411 3393 1549 3456 ἔδῑιῐ
1605 3396 1864 3457 Iustinae
1918 3394 2206 3479 ma1·{tyris
2259 3415 2291 3457 a
2352 3396 2752 3458 fundamentis
2792 3398 2801 3473 Ι
2842 3408 3113 3477 coeptam

552 3498 663 3559 deo
711 3498 965 3577 iulvante
1010 3500 1176 3577 perse
1215 3498 1226 3572 Ι
1265 3506 1342 3572 -4-
1389 3498 1469 3558 cit
1510 3505 1609 3573 -ff-.

725 3599 938 3648 Patavii
973 3602 1031 3647 in
1066 3599 1286 3649 ecclesia
1313 3599 1366 3649 S.
1392 3598 1628 3648 Iustinae
1654 3598 1738 3663 (V
1751 3599 1885 3651 5400
1910 3598 2046 3648 vidit
2073 3597 2400 3664 Mommsen).
2424 3627 2493 3635 —
2522 3598 2695 3664 Opilio
2719 3599 2835 3661 suit
2855 3603 3114 3665 magister

554 3679 862 3743 officiorum
913 3682 1289 3734 Valentiniani
1335 3683 1416 3733 III
1450 3700 1499 3733 a.
1532 3685 1641 3734 449.
1677 3686 1776 3734 450
1825 3682 1984 3748 (Νου.
2026 3684 2234 3736 Valent.
2280 3685 2363 3745 27,
2400 3685 2520 3752 29),
2567 3685 2755 3735 consul
2800 3685 3115 3736 ordinarius

554 3783 604 3816 a.
637 3768 757 3818 453.
827 3766 987 3817 Alius
1022 3768 1254 3818 eiusdem
1291 3770 1526 3819 nominis
1559 3767 1670 3828 fuit
1706 3770 1892 3819 consul
1926 3769 2041 3819 ord.
2079 3785 2127 3820 a.
2163 3770 2292 3829 624,
2330 3769 2468 3818 idem
2504 3772 2621 3819 sine
2657 3769 2817 3820 dnbio
2854 3771 2926 3820 ad
2958 3786 3115 3837 quem

551 3850 835 3902 Ennodius
870 3851 1017 3902 dedit
1059 3852 1310 3917 epistolas
1353 3853 1650 3919 complures
1686 3852 1758 3920 (4,
1779 3854 1869 3905 22.
1902 3855 1954 3919 ὅ,
1975 3854 2069 3922 5),
2117 3853 2324 3918 legatus
2366 3857 2554 3904 missus
2591 3873 2623 3907 a
2667 3855 3006 3907 Theodakato
3043 3856 3119 3907 ad

550 3936 913 3987 Iustinianum
951 3938 1197 4003 (Pr-ocop.
1237 3938 1389 3989 Gom.
1426 3939 1472 3999 4,
1495 3939 1570 4006 4).

721 4245 893 4316 1298
1201 4254 1256 4310 1.
2440 4253 2497 4311 2.

684 4349 770 4409 Fl.
820 4349 1030 4412 Felicis
1074 4369 1126 4410 v.
1174 4370 1245 4422 c.‚
1292 4369 1443 4411 com.
1491 4369 1558 4411 ac
1602 4369 1757 4430 mag.
1975 4360 2133 4430 utrq.
2181 4352 2323 4427 mil„
2369 4361 2519 4432 patr.
2566 4362 2626 4413 et
2668 4372 2789 4414 cos.
2838 4353 2988 4413 ord.¹

721 4450 1033 4516 Diptyclzon
1069 4454 1356 4501 eburneum
1366 4489 1382 4516 ,
1432 4466 1551 4502 cum
1585 4454 1827 4516 imag-ine
1860 4452 2121 4515 consulis,
2163 4452 2291 4504 olim
2325 4455 2384 4503 in
2421 4456 2747 4504 monasterio
2786 4452 3118 4505 Comodolia-

554 4536 700 4584 censi
744 4537 806 4584 in
845 4535 1048 4601 Gallia,
1095 4551 1240 4587 nunc
1277 4552 1414 4602 pars
1454 4537 1499 4588 4.
1547 4541 1698 4587 emtal
1737 4538 1962 4587 Parisiis
2011 4536 2172 4601 (Gori
2218 4540 2447 4588 thesaur.
2495 4539 2876 4605 diptychorum
2919 4540 3023 4589 tab.
3059 4539 3115 4600 2,

551 4617 655 4671 vol.
694 4619 722 4669 4
771 4635 829 4684 p.
864 4620 992 4683 429,·
1039 4620 1367 4672 Lenos-mant
1409 4619 1582 4672 tresor
1623 4622 1687 4672 de
1729 4622 1905 4688 glypt.
1941 4621 1999 4671 II
2037 4624 2144 4674 tab.
2179 4624 2275 4686 42,·
2321 4622 2653 4675 Chabouillet
2696 4623 2976 4688 catalogue
3024 4621 3115 4673 des

554 4701 755 4753 cambes
792 4704 856 4754 de
893 4705 945 4755 la
979 4707 1102 4757 bibl.
1138 4708 1264 4772 imp.
1295 4722 1351 4772 p.
1385 4709 1484 4758 360
1519 4722 1570 4757 n.
1605 4707 1791 4773 5262).
1865 4707 2134 4774 Diptyclaa
2169 4710 2329 4758 huius
2358 4711 2601 4773 generis,
2646 4712 2905 4775 inscripta
2943 4708 3115 4758 nomi-

551 4788 709 4838 nibus
751 4793 805 4838 et
839 4788 1101 4855 pleraque
1148 4796 1342 4841 ornata
1390 4793 1719 4856 imaginibus
1765 4792 2041 4843 consulum
2086 4793 2491 4844 ordinariorum
2533 4811 2672 4847 saec.
2716 4810 2769 4859 p.
2821 4793 2940 4845 clar.
2979 4791 3037 4843 V
3063 4797 3119 4843 et
