3432 5387
901 420 1071 476 Tituli
1106 420 1480 492 apparitorum
1515 426 1573 477 et
1605 438 1884 478 servorum
1919 424 2277 492 publicorum.
2738 423 2862 483 385

311 585 505 676 A[l]te.
540 591 767 653 Roma.¹
813 610 930 671 que
974 593 1211 653 servivit
1253 591 1465 677 anlnus
1509 593 1635 654 XVI
1668 595 1904 675 coniugi
1937 613 2094 656 caro.
2168 595 2236 657 In
2272 614 2386 674 que
2432 614 2567 657 arca
2596 597 2644 657 si
2685 600 2695 677 Ι
2735 597 2866 676 quis

311 711 448 754 cum
477 692 601 755 suis
636 688 774 778 [et]²
802 694 1073 756 Altenam
1105 695 1431 756 Romanam
1464 692 1473 777 Ι
1507 696 1737 757 dederit
1769 715 2008 777 corpus,
2054 692 2238 782 de[t]³
2279 698 2570 761 heclesiae
2616 717 2863 779 paenam

310 794 319 878 Ι
368 796 494 857 auri
542 798 744 876 pondo
790 797 925 858 duo.
1015 798 1359 876 Depositum
1403 798 1463 859 in
1510 798 1601 859 die
1635 795 1644 880 Ι
1682 797 1782 859 vll
1827 798 1959 862 idus
2004 799 2220 862 Iunias.

484 897 779 962 Vranjicae
816 913 986 963 prope
1021 897 1250 949 Salonas
1298 897 1407 962 (111
1436 899 1571 950 6399
1604 898 1892 949 Mommsen
1939 899 2079 950 vidit
2120 900 2412 966 ectypum).
2458 929 2525 937 —
2580 902 2624 964 l)
2660 898 2869 952 Nomen

307 983 518 1046 uxoris,
552 981 747 1032 Aliena
772 980 1012 1033 Romana
1046 986 1111 1032 ut
1131 981 1359 1034 videtur.
1389 1012 1450 1020 —
1489 985 1539 1048 2)
1577 987 1644 1047 te,
1682 987 1733 1048 3)
1770 984 1833 1036 de
1870 985 2023 1050 Iapis.
2081 984 2275 1035 Dicere
2295 985 2499 1036 voluit:
2532 987 2583 1035 si
2605 986 2727 1050 quis
2751 1000 2868 1035 cum

310 1081 533 1131 corpore
566 1068 735 1131 ipsius
771 1069 822 1116 et
853 1066 1080 1116 Alienae
1112 1066 1384 1119 Romanae
1418 1084 1642 1135 corpore
1677 1069 1834 1119 aliud
1866 1085 2061 1135 corpus
2093 1070 2358 1122 intulerit.

481 1185 647 1255 1961
717 1189 772 1250 d.
830 1208 908 1250 m.
957 1185 967 1271 Ι
1018 1189 1136 1249 Val.
1185 1190 1347 1251 Felix
1400 1193 1680 1272 princeps
1736 1193 1910 1273 offilci
1969 1193 2248 1272 presidis¹
2309 1193 2449 1252 vixit
2493 1210 2588 1251 an.
2635 1189 2805 1263 XLV,
2856 1187 2865 1271 Ι

309 1291 510 1351 Aurel.
538 1290 779 1352 Aemilia
826 1291 980 1352 bene
1024 1290 1254 1373 merilto
1299 1294 1546 1374 conpari
1589 1295 1842 1374 virginio
1888 1295 2104 1373 posuit.
2138 1290 2148 1377 Ι
2186 1294 2325 1355 Vale
2369 1293 2573 1355 viator.
2608 1292 2617 1375 Ι
2662 1284 2863 1356 Oiai..

314 1387 536 1477 Φῆλιξ
562 1395 853 1475 πρίνκιψ
881 1384 1164 1479 ὂφηκίου
1197 1393 1207 1476 Ι
1240 1386 1578 1477 ἡγεμόνος,
1626 1392 1826 1480 ζήσας
1857 1392 1968 1483 ἔτη
2014 1418 2116 1477 με,
2154 1395 2161 1477 Ι
2194 1386 2447 1480 Abest.
2473 1386 2732 1476 Ἐμιλία
2768 1394 2867 1476 τῷ

309 1484 708 1579 ἆειμνήστῳΙ
731 1486 920 1580 ἀνδρὶ
944 1496 1338 1579 παρθενικςῦ
1361 1492 1479 1581 τὴν
1505 1494 1746 1583 στήλην
1772 1487 2179 1584 ἆνΙέΙΙθηκεν.
2227 1503 2445 1580 Χαῖρε
2467 1491 2864 1580 παροὸεῖτα.

484 1592 662 1645 Tomis
697 1611 805 1661 rep.
846 1594 959 1660 (ΙΙΙ
988 1594 1042 1646 S.
1077 1596 1207 1647 7549
1238 1601 1449 1661 partem
1474 1598 1611 1648 vidit
1633 1597 2076 1664 Domaszewski).
2113 1627 2179 1636 -
2219 1600 2265 1663 l)
2301 1597 2522 1649 Scilicet
2549 1598 2868 1662 provinciae

308 1678 560 1745 Scythiae
594 1681 652 1729 in
689 1695 794 1745 qua
829 1677 1058 1740 suerunt
1098 1679 1262 1732 Tomi.

478 1796 649 1867 1962
714 1801 1073 1864 Saturninus
1131 1804 1453 1887 centenlar.
1513 1823 1584 1864 ex
1641 1804 1739 1864 off.
1799 1805 1982 1883 praes.
2042 1804 2183 1865 Illir.
2224 1801 2235 1884 Ι
2283 1804 2420 1865 Dac.
2479 1801 2634 1881 rip.¹‚
2693 1801 2864 1861 amici

306 1900 488 1961 hore²
532 1920 594 1963 se
657 1901 831 1965 ultuS.

482 1899 810 2053 Confcirdiae
843 2018 953 2069 rep.
993 2003 1080 2068 (V
1100 2005 1223 2056 8771
1263 2006 1400 2057 vidit
1433 2005 1765 2072 Mommsen).
1791 2034 1856 2043 --
1897 2008 1946 2069 1)
1975 2006 2203 2057 Videtur·
2225 2004 2558 2056 Saturninus
2579 2003 2675 2052 sub
2709 2017 2866 2067 prae·

308 2085 445 2146 secto
485 2086 697 2153 Illyrici
730 2090 808 2139 ita
844 2088 1169 2152 militaviue,
1206 2096 1267 2141 ut
1288 2090 1493 2141 Daciae
1526 2094 1760 2158 ripensis
1794 2091 2316 2141 administrationem
2346 2090 2687 2153 potissimum
2722 2090 2865 2137 trac-

309 2175 450 2221 taret
486 2169 617 2239 (Mo.
657 2173 710 2224 C.
749 2172 812 2224 V.
841 2190 899 2240 p.
936 2173 1108 2240 4060).
1138 2194 1211 2213 ·-
1249 2177 1299 2237 2)
1334 2176 1723 2241 Eoepeetaveris
1760 2190 1876 2227 cura
1914 2179 2011 2225 aut
2046 2189 2200 2241 opera
2239 2172 2413 2240 (Ma).

480 2289 650 2360 1963
717 2294 815 2355 hic
862 2295 1087 2375 positus
1132 2304 1221 2356 est
1264 2295 1553 2358 Maximus
1597 2296 1697 2375 qui
1737 2292 1748 2377 Ι
1787 2295 1926 2356 vixit
1968 2314 2162 2356 annus
2205 2315 2264 2374 p.
2314 2295 2411 2354 m.¹
2462 2292 2644 2366 LXX,
2691 2312 2865 2373 prae-

307 2396 536 2476 positus
575 2398 584 2472 Ι
624 2396 696 2456 de
744 2397 829 2457 via
878 2396 1180 2458 Flabinia²
1225 2403 1367 2470 (sie).
1408 2394 1418 2480 Ι
1475 2397 1614 2458 Loc.
1663 2397 2052 2458 Filicessimes
2097 2406 2241 2468 (sic).

474 2494 672 2546 Romae
705 2510 817 2560 rep.
853 2495 928 2545 ad
960 2497 1103 2546 viam
1126 2497 1457 2548 Flaminiam
1490 2502 1549 2548 in
1586 2500 1898 2548 coemeterio
1925 2502 2157 2548 veterum
2194 2499 2630 2560 christianorum,
2665 2496 2866 2545 litteris

302 2580 508 2631 saeculi
531 2581 620 2632 IV
636 2583 885 2630 exeuntis
920 2581 1004 2631 vet
1028 2582 1085 2632 V
1108 2583 1345 2634 ineuntis
1371 2582 1462 2648 (de
1484 2582 1639 2634 Rosci
1672 2581 1799 2633 bun.
1837 2596 1966 2633 com.
1992 2582 2123 2633 1888
2154 2599 2207 2648 p.
2232 2583 2356 2633 253.
2380 2581 2524 2647 257).
2595 2580 2658 2631 In
2695 2580 2867 2631 altera

295 2669 461 2732 parte
512 2665 743 2716 eiusdem
797 2664 992 2730 lapidis
1037 2666 1241 2731 leg-itur
1293 2669 1482 2720 titulus
1527 2669 1697 2720 multo
1747 2670 2027 2735 antiquior
2071 2665 2139 2719 N.
2187 2665 2405 2718 Fresidi
2452 2664 2751 2717 Sabbionis.
2796 2692 2868 2703 —

313 2754 360 2808 1)
395 2751 521 2801 Plus
541 2753 736 2803 minus.
763 2780 826 2789 —
864 2754 915 2814 2)
938 2752 1095 2803 Hunc
1124 2757 1491 2819 praepositum
1528 2753 1590 2804 de
1624 2756 1713 2804 via
1739 2753 2015 2804 Flaminia
2039 2752 2252 2804 Roscius
2283 2754 2444 2817 putat
2477 2766 2584 2799 esse
2620 2766 2690 2800 ea:
2709 2765 2870 2815 prae·

299 2839 494 2903 positis
531 2852 721 2888 cursus
750 2838 985 2905 publicis
1016 2840 1325 2890 memoratis
1360 2840 1420 2888 in
1455 2839 1637 2889 codice
1678 2836 2046 2889 Theodosiana
2084 2836 2154 2903 (6,
2190 2838 2276 2902 29,
2309 2840 2357 2888 9.
2394 2838 2443 2900 8,
2475 2837 2526 2899 5,
2561 2835 2676 2900 35).

481 3073 651 3145 1964
717 3077 1016 3139 Barnaeus
1054 3075 1065 3159 Ι
1104 3077 1177 3138 de
1220 3077 1437 3139 familia
1474 3077 1485 3158 Ι
1524 3075 1744 3156 public.
1791 3095 1914 3157 reg.
1962 3075 2132 3137 v111.¹

475 3175 671 3228 Romae
697 3179 963 3239 (V12542
982 3179 1235 3230 viderunt
1258 3179 1484 3243 Pighius
1508 3181 1560 3226 et
1579 3175 1851 3244 Smetius).
1879 3206 1944 3214 —
1974 3179 2020 3241 1)
2046 3176 2125 3226 De
2146 3174 2364 3240 familia
2386 3175 2600 3240 publica
2624 3177 2888 3240 regionis.

303 3266 524 3312 octavae
560 3260 657 3327 (cf.
696 3262 986 3313 Mommsen
1022 3263 1251 3315 Staatsr.
1288 3262 1349 3314 1³
1382 3279 1435 3329 p.
1470 3262 1622 3329 328).

476 3378 644 3449 1965
714 3391 826 3457 (vir
850 3394 1063 3455 togatus
1087 3407 1206 3441 cum
1228 3390 1452 3440 muliere
1474 3393 1527 3439 et
1553 3396 1755 3455 puero)
1785 3382 1873 3442 dis
1901 3382 2174 3443 manibus
2205 3383 2213 3463 Ι
2249 3380 2501 3442 Graniae
2524 3380 2862 3451 Faustinae,

304 3481 313 3565 Ι
360 3485 501 3552 fecit
531 3486 717 3566 Papi.¹
765 3505 879 3548 ser.
920 3484 930 3568 Ι
971 3485 1243 3566 publicus
1287 3484 1397 3545 sibi
1443 3493 1501 3544 et
1538 3483 1549 3563 Ι
1589 3483 2000 3545 contubernali
2053 3501 2192 3544 suae
2231 3480 2241 3565 Ι
2282 3482 2614 3544 carissimae
2653 3480 2663 3558 Ι
2705 3482 2860 3543 bene

304 3589 557 3648 merenti
606 3588 679 3647 de
725 3607 805 3660 se,
847 3589 856 3668 Ι
897 3589 1269 3667 posterisque
1308 3586 1319 3667 Ι
1357 3604 1615 3647 aeorum.

473 3685 671 3737 Romae
706 3689 815 3749 (VI
844 3690 1024 3752 2365).
1061 3717 1127 3725 —-
1166 3691 1213 3751 1)
1253 3690 1464 3753 Papias.
1488 3715 1554 3724 —
1580 3684 1724 3737 Nota
1758 3700 1970 3735 servum
2001 3685 2276 3750 publicum
2312 3687 2442 3747 toga
2477 3685 2753 3746 vestitum5
2791 3682 2866 3745 cf.

302 3771 408 3822 Mo.
446 3771 671 3823 Staatsr.
711 3771 775 3823 1³
804 3789 858 3838 p.
893 3774 1013 3825 324.

472 3871 641 3942 1966
704 3876 892 3938 Cerdo
931 3875 941 3957 Ι
981 3875 1377 3938 Aemilianus¹
1419 3874 1429 3958 Ι
1470 3874 1745 3955 publicus
1791 3873 1978 3934 cens,²1

472 3975 670 4027 Romae
704 3993 813 4043 rep.
864 3977 936 4026 ad
983 3979 1123 4026 viam
1160 3976 1392 4041 Appiam
1441 3975 1545 4040 (Vl
1577 3975 1725 4026 2333
1772 3973 1910 4023 vidit
1944 3972 2201 4038 Henzen).
2243 4000 2303 4009 -
2346 3975 2392 4036 1)
2430 3971 2575 4021 Idem
2608 3987 2867 4022 memora·
2915 3975 2918 3978 ’

301 4064 394 4110 tm·
431 4059 505 4110 Vl
537 4062 690 4113 2340.
728 4091 794 4099 -
830 4064 881 4125 2)
916 4061 1277 4126 Significatur
1310 4060 1452 4110 idem
1487 4075 1679 4109 munus
1715 4058 1861 4124 quod
1893 4056 2046 4119 infra
2083 4057 2151 4112 N.
2187 4057 2327 4109 4967.

472 4178 641 4250 1967
706 4184 908 4244 Bonus
964 4191 1227 4244 eventus·
1274 4215 1355 4223 —
1405 4179 1414 4257 Ι
1455 4181 1612 4241 Ilave
1659 4181 1860 4241 Victor
1905 4178 2192 4240 Fabianel
2255 4215 2336 4223 ——
2383 4176 2451 4238 Di
2497 4195 2599 4236 vos
2647 4174 2657 4255 Ι
2708 4174 2865 4235 bene

300 4284 538 4358 faciant,
570 4285 761 4358 amici,
795 4293 853 4346 et
874 4304 995 4356 vos,
1026 4284 1298 4355 viatores,
1325 4279 1333 4361 Ι
1369 4283 1627 4343 babeatis
1650 4283 1793 4344 deos
1817 4281 2135 4362 propitiosl
2182 4282 2283 4359 qui
2315 4280 2606 4339 Victorem
2632 4274 2642 4359 Ι
2667 4275 2863 4356 publi-

302 4405 438 4448 cum
486 4385 810 4447 Fabianum
868 4404 899 4447 a
945 4385 1222 4446 censibus
1267 4402 1323 4462 p.
1371 4383 1460 4443 R.¹
1510 4404 1631 4445 uon
1672 4388 1683 4460 Ι
1722 4383 2071 4464 praeteritis.
2158 4380 2313 4442 Salvi
2358 4379 2526 4451 eatis,
2586 4378 2727 4439 salvi
2773 4397 2867 4438 re·

301 4488 504 4563 deatiS‚
549 4498 608 4549 et
647 4491 656 4565 Ι
692 4508 797 4549 vos
841 4488 942 4566 qui
986 4506 1080 4548 me
1125 4486 1423 4548 coronatis
1465 4487 1556 4547 vel
1600 4489 1778 4547 flores
1816 4483 1826 4568 Ι
1865 4484 2106 4556 iactatis,
2154 4481 2351 4542 multis
2403 4481 2578 4541 annis
2621 4480 2863 4541 faciatis

302 4589 432 4670 -Ι
482 4590 682 4651 Victor
739 4590 1034 4651 Fabianus
1089 4589 1229 4650 fecit
1284 4588 1395 4650 sibi
1454 4586 1560 4670 et!
1610 4587 1846 4650 Asiniae
1898 4586 1958 4648 C.
2009 4586 2047 4645 f.
2095 4582 2350 4644 Sabinae
2406 4582 2575 4642 uxori
2639 4591 2701 4643 et
2750 4581 2762 4661 Ι
2804 4583 2864 4644 C.

301 4691 503 4754 Asinio
536 4691 842 4753 Valeriano
889 4699 948 4751 et
986 4689 995 4773 Ι
1036 4690 1383 4770 parentibus
1413 4692 1539 4753 eius
1584 4689 1645 4751 C.
1679 4687 1883 4749 Asinio
1916 4681 2242 4767 Valleriano
2288 4693 2347 4745 et
2389 4684 2578 4744 Attiae
2609 4683 2865 4747 Sabinae

310 4793 319 4874 Ι
367 4801 425 4854 et
466 4794 662 4856 libert.
709 4793 1154 4872 libertabusque
1192 4788 1203 4875 Ι
1241 4793 1612 4873 posterisque
1657 4808 1884 4851 eorum.
1925 4789 1935 4871 Ι
1977 4788 2048 4848 Η.
2096 4806 2173 4848 1n.
2219 4786 2275 4846 d.
2323 4805 2401 4847 m.
2449 4804 2500 4846 a.

407 4900 598 4952 Drssm,
628 4899 957 4957 Inscriptiones
984 4899 1195 4944 Latinae.
2392 4887 2456 4939 25
