3432 5387
467 346 494 401 1
507 345 539 403 7
551 347 588 404 8
1596 350 1777 420 Caput
1810 350 1879 405 11.

632 519 695 570 In
745 519 890 570 bulla
939 535 1107 570 aurea
1157 536 1266 585 rep.
1304 518 1501 571 Romae
1547 537 1598 572 a.
1634 521 1761 572 4544
1806 537 1975 588 prope
2019 522 2292 573 ecclesiam
2331 524 2384 577 S.
2423 524 2569 574 Petri
2614 524 2939 576 Vaticanum
2987 528 3043 577 in

462 595 1215 672 sarcophago‘porplzyreticm
1243 607 1338 670 qui
1362 608 1665 657 continebat
1688 622 1805 657 ossa
1830 607 2075 657 mulieris
2091 609 2276 672 regiae
2298 608 2533 673 (Mariae
2551 614 2745 660 umoris
2766 611 3046 679 Honorii),

463 695 648 757 postea
684 690 1074 741 adservabatur
1097 688 1393 740 Mediolani
1417 690 1798 750 (Mazzuchelli
1820 692 1900 742 La
1926 692 2066 743 bolla
2100 693 2157 743 di
2180 693 2360 745 Maria
2396 696 2595 758 moglie
2631 695 2691 744 di
2715 695 2919 745 Onon-io
2957 694 3049 745 nel

469 793 648 827 museo
681 775 969 841 Trivulzio,
1002 774 1130 825 4849
1141 794 1161 837 ,·
1195 773 1376 825 Labus
1409 776 1559 840 apud
1584 776 1841 828 Orellium
1875 776 1995 844 syll.
2031 780 2180 841 4999,·
2216 777 2288 839 cs.
2324 780 2389 829 de
2420 778 2575 831 Rossi
2598 780 2739 832 Bull.
2774 781 3046 830 cristiano

464 864 598 915 4863
628 877 688 927 p.
721 862 794 914 35
810 860 961 927 seq.).
995 887 1063 896 —
1111 857 1343 910 Mariam
1380 858 1695 910 Stilichonis
1739 866 1791 911 et
1825 859 2055 913 Serenae
2102 863 2274 924 filiam
2310 864 2584 916 Honorius
2617 880 2846 916 uxorem
2882 865 3053 915 duoeit

471 965 522 1000 a.
544 949 645 999 397
670 947 752 997 vel
771 948 891 1006 398,
929 943 1111 995 eadem
1134 947 1313 995 nescio
1339 961 1443 1010 quo
1468 949 1703 1010 tempore
1728 944 1982 1006 defuncta
2013 963 2251 998 sororem
2289 953 2401 999 eius
2432 948 2830 1001 Thermantiam
2856 968 2905 1003 a.
2930 952 3050 1002 408.

473 1034 774 1085 Eucherius
807 1030 957 1094 filius
999 1034 1078 1079 est
1113 1028 1452 1091 Stilichonis,
1496 1033 1700 1081 occisus
1733 1032 1917 1096 paullo
1947 1035 2074 1096 post
2099 1038 2314 1097 patrem
2351 1051 2400 1085 a.
2433 1038 2546 1086 408.
2617 1036 2730 1087 Hoc
2774 1036 3052 1085 cimelium

473 1122 619 1168 recte
662 1121 794 1183 puto
840 1115 1064 1165 credunt
1105 1112 1278 1175 fuisse
1313 1114 1524 1165 Mariae
1566 1119 1619 1166 et
1666 1131 1786 1166 cum
1833 1131 2058 1182 corpore
2105 1120 2218 1169 eius
2262 1121 2322 1168 in
2368 1122 2704 1186 sarcophago
2753 1119 3051 1173 conditum.

471 1203 653 1269 Ipsum
696 1216 906 1267 quoque
940 1199 1238 1249 Honorium
1285 1203 1540 1255 maritum
1577 1200 1786 1252 Martae
1828 1202 2092 1267 sepultum
2127 1219 2235 1252 esse
2270 1197 2515 1254 Romae‘
2524 1209 2685 1257 iuxta
2721 1207 2868 1256 beati
2906 1206 3057 1256 Petri

473 1286 706 1354 apostoli
739 1288 1068 1350 martyrium
1101 1287 1161 1334 in
1196 1276 1530 1335 mausolaeo'
1564 1291 1764 1337 narrat
1796 1287 1995 1336 Paulus
2030 1286 2306 1337 Diaconus
2342 1290 2461 1341 hist.
2496 1289 2644 1343 Rom.
2674 1292 2760 1354 43,
2786 1294 2818 1344 7
2855 1291 2933 1357 (p.
2958 1291 3057 1342 497

472 1374 553 1424 ed.
580 1371 853 1438 Droysen)
893 1369 1013 1436 (qui
1036 1373 1213 1419 tamen
1240 1372 1297 1419 in
1322 1387 1382 1420 eo
1408 1375 1556 1421 errat
1578 1371 1725 1437 quod
1750 1375 2019 1422 mortuum
2056 1387 2263 1438 quoque
2285 1373 2483 1425 Romae
2508 1376 2805 1427 Honorium
2832 1382 3055 1440 narrat,

472 1457 544 1519 cl'.
590 1457 872 1509 Tillemont
904 1458 957 1521 5,
989 1457 1130 1523 654).

621 1577 763 1662 ’801
845 1594 1169 1673 reparatori
1203 1595 1289 1654 rei
1321 1592 1592 1672 publicae
1626 1588 1723 1678 [et]
1754 1593 1760 1672 Ι
1790 1595 2020 1672 parenti
2054 1594 2623 1682 invictissimo[rum]
2661 1594 2670 1679 Ι
2707 1600 3053 1680 principum

480 1694 625 1783 [Fi]
682 1689 1187 1782 Co[n]s[tan]t[io]
1239 1693 1249 1775 Ι
1301 1716 1352 1755 v.
1410 1714 1462 1756 c.
1522 1705 1580 1755 et
1639 1695 1907 1769 inlustri,
1972 1697 2171 1757 comiti
2235 1693 2332 1783 [et]
2387 1698 2397 1779 Ι
2451 1701 2727 1780 magistro
2796 1703 3055 1782 utriusq.

484 1795 803 1886 [militiae]‚
851 1798 1101 1878 patricio
1133 1808 1192 1858 et
1222 1798 1397 1858 tertio
1430 1793 1638 1881 cfons.]
1680 1804 1689 1876 Ι
1731 1798 2083 1873 ordinario¹‚
2127 1802 2268 1861 Aur.
2303 1802 2544 1864 Anicius
2583 1800 2593 1883 Ι
2633 1804 3059 1884 Symmachus²

475 1922 527 1964 v.
575 1922 625 1964 c.
676 1920 766 1981 pr.
812 1900 944 1961 urb.
988 1897 998 1981 Ι
1034 1901 1159 1961 vice
1204 1918 1366 1961 sacra
1412 1900 1679 1962 iudicans
1719 1907 1728 1980 Ι
1769 1900 2073 1961 dedicavit.

649 1999 847 2051 Romae
881 2005 944 2050 ut
978 2000 1208 2062 videtur,
1243 2002 1479 2049 servavit
1512 2000 1682 2051 codecc
1704 2001 1905 2065 aliquis
1932 1999 2262 2067 Cyriacanus
2284 2008 2529 2054 servatus
2551 2005 2777 2054 Parmae
2805 2004 2880 2070 (V
2882 2007 2908 2056 1
2931 2006 3062 2058 4749

477 2087 550 2149 cf.
577 2087 641 2138 de
665 2085 817 2136 Rossi
841 2088 1001 2136 inser.
1028 2086 1136 2135 clar.
1165 2085 1195 2134 1
1210 2100 1263 2149 p.
1287 2085 1436 2151 263).
1462 2112 1530 2123 -
1559 2088 1607 2149 1)
1627 2085 1726 2135 Est
1751 2084 2092 2135 Constantius
2114 2090 2344 2138 maritus
2367 2087 2654 2153 Placidiae,
2680 2090 2869 2140 consul
2891 2096 3057 2142 tertio

479 2190 529 2223 a.
550 2174 666 2236 420,
691 2188 751 2221 eo
777 2174 894 2235 ipso
919 2185 1061 2219 anno
1087 2174 1184 2219 aut
1209 2171 1508 2233 insequenti
1527 2169 1620 2234 (cll
1651 2168 1714 2220 Ti
1719 2170 1935 2219 llemont
1948 2173 2001 2232 ὅ,
2020 2172 2113 2222 646
2124 2190 2145 2234 ,·
2170 2172 2577 2237 Holder-Egger
2592 2172 2768 2223 Neues
2784 2176 2989 2226 Archiv
3015 2176 3061 2237 f.

482 2257 582 2308 iili.
618 2257 863 2307 deutsche
901 2253 1381 2305 Gesckiclztslcunde
1415 2254 1464 2318 4,
1498 2255 1622 2306 4876
1657 2272 1709 2319 p.
1745 2256 1873 2322 305)
1911 2258 2189 2320 Augustus
2223 2261 2569 2307 renuntiatus
2604 2261 2667 2309 ab
2706 2261 2972 2324 Honorio,
3010 2268 3065 2312 et

482 2360 612 2394 mox
647 2339 934 2402 defunctus
961 2337 1059 2404 (cs.
1096 2339 1248 2399 infra
1272 2337 1340 2389 N.
1364 2340 1506 2408 809).
1531 2368 1598 2377 -
1622 2340 1704 2389 De
1740 2342 1901 2391 titulo
1927 2342 2174 2406 quodam,
2211 2344 2305 2406 qui
2329 2342 2543 2393 videtur
2566 2345 2632 2393 ab
2659 2345 2761 2395 lioc
2782 2348 2897 2410 ipso
2927 2346 3062 2396 Con-

487 2430 691 2479 stantio
723 2427 931 2492 positus
966 2428 1109 2475 inter
1144 2441 1286 2475 anno
1321 2424 1416 2475 447
1450 2429 1503 2473 et
1534 2426 1634 2476 420
1683 2423 1753 2485 cf.
1802 2425 1865 2475 de
1900 2423 2057 2476 Rossi
2091 2428 2252 2477 inscr.
2289 2428 2401 2477 chr.
2436 2427 2463 2478 1
2491 2443 2547 2493 p.
2572 2430 2687 2480 264.
2725 2457 2787 2466 -
2828 2432 2878 2494 2)
2912 2430 3061 2481 Idem

488 2514 668 2564 eodem
703 2509 818 2571 sere
856 2514 1090 2576 tempore
1125 2510 1364 2561 Honorio
1398 2513 1584 2575 posuit
1618 2510 1837 2560 titulum
1866 2511 1945 2562 Vl
1963 2510 2109 2564 4493.
2170 2511 2289 2575 Qua
2321 2513 2601 2575 parentela
2638 2516 2854 2565 iunctus
2886 2513 3065 2575 suern

488 2614 608 2650 cum
647 2596 963 2663 Symmacho
1001 2598 1244 2658 oratore,
1292 2610 1401 2644 non
1446 2599 1655 2645 constat
1701 2594 1799 2660 (cf.
1844 2595 2006 2646 Seeck
2042 2595 2241 2662 Symm.
2276 2613 2328 2662 p.
2368 2596 2537 2666 LIII).
2616 2597 2868 2651 Eiusdem
2904 2600 3062 2669 Sym-

486 2685 666 2740 machi
697 2678 966 2748 praefecti
999 2681 1149 2731 urbis
1184 2680 1435 2730 habemus
1469 2679 1758 2731 relationes
1795 2680 1869 2731 ad
1894 2680 2189 2731 Honorium
2225 2686 2278 2731 et
2310 2683 2453 2733 hunc
2488 2686 2659 2750 ipsum
2692 2684 3064 2739 Constantium

484 2773 672 2820 missas
698 2768 761 2819 de
788 2769 962 2817 turbis
985 2768 1194 2816 exortis
1216 2763 1412 2815 Romae
1442 2782 1585 2816 anno
1608 2767 1705 2817 448
1742 2770 1968 2815 eaeeunte
1997 2772 2124 2831 post
2148 2771 2373 2817 mortem
2397 2768 2604 2819 Zosimi
2637 2773 2889 2838 episcopi,
2926 2790 3067 2839 quae

487 2856 824 2906 duraverunt
861 2866 1027 2917 usque
1061 2853 1121 2900 in
1157 2867 1206 2901 a.
1231 2851 1325 2902 449
1352 2849 1549 2914 (edidit
1569 2851 1858 2901 relationes
1894 2867 1963 2901 ex
1995 2851 2306 2902 collectione
2342 2870 2390 2919 q.
2416 2853 2465 2906 d.
2491 2855 2748 2907 Avellana
2768 2862 2896 2922 post
2924 2859 3068 2910 alios

489 2939 572 2993 W.
598 2938 789 3005 Meyer
824 2937 935 2988 ind.
975 2936 1091 2986 lect.
1132 2935 1368 3000 Gauing.
1404 2937 1629 3003 1888J9).

663 3158 796 3228 802
907 3153 1175 3243 [Fulyida
1219 3154 1617 3240 conscendens]
1663 3153 1965 3244 terra[e]ni
2013 3160 2206 3221 sidera
2249 3160 2418 3236 regni

907 3253 1266 3343 [imperiqu
1315 3253 1646 3342 de[dic]ans
1689 3259 1990 3322 armorum
2036 3262 2284 3322 fulmina
2336 3257 2584 3346 [co]ndit

909 3356 1244 3446 [Placidiae]
1294 3359 1552 3443 gra[ndis
1594 3357 1802 3444 t]utela
1848 3359 2378 3447 Valentinianu[sJ:

909 3459 1069 3549 [pace
1110 3464 1316 3542 fruens
1359 3464 1582 3525 doctam
1627 3460 1880 3549 ewerc]et
1921 3465 2291 3526 Theodosius
2335 3468 2561 3527 arteni.¹

675 3564 823 3626 Sitifi
860 3566 918 3613 in
953 3563 1295 3615 Mauretania
1329 3562 1489 3628 (Vm
1506 3564 1634 3619 ,8484
1670 3581 1722 3628 p.
1748 3567 1846 3615 972
1884 3565 2164 3630 descripsit
2197 3566 2498 3627 Delaman,
2527 3572 2739 3631 partem
2775 3567 2910 3618 vidit
2935 3569 3074 3620 Wil-

505 3651 740 3716 manns).
793 3649 1172 3715 Supplementa
1199 3649 1487 3714 adscripsit
1521 3649 1586 3699 de
1609 3647 1779 3714 Bassi,
1809 3651 2063 3715 probavit
2088 3649 2391 3701 Mommsen.
2453 3652 2687 3702 Pertinet
2721 3655 3073 3717 epig-ramma,

505 3735 686 3786 iudice
710 3734 914 3796 Bossia,
951 3733 1026 3784 ad
1049 3739 1267 3799 tempus,
1293 3750 1396 3799 quo
1424 3733 1672 3784 Placidus
1698 3734 2117 3785 Valentinianus
2139 3735 2413 3786 Placidiae
2436 3735 2583 3796 filius
2606 3740 2757 3786 iussu
2789 3736 3077 3789 Theodosii

508 3823 740 3871 iunioris
767 3836 1020 3885 purpura
1055 3821 1275 3870 indutus
1318 3824 1392 3869 est
1429 3818 1631 3883 (factus
1667 3824 1845 3869 autem
1880 3824 1957 3869 est
1992 3819 2188 3870 Caesar
2222 3837 2271 3871 a.
2295 3821 2411 3884 424,
2445 3823 2722 3886 Augustus
2761 3839 2812 3872 a.
2834 3823 2981 3889 425).
3006 3852 3074 3861 —

510 3908 558 3967 1)
592 3905 808 3955 Alludit
854 3907 1187 3970 epigramma
1235 3905 1310 3955 ad
1352 3903 1530 3954 studia
1578 3904 1885 3954 litterarum
1926 3903 2207 3954 Theodosii
2242 3905 2321 3968 11,
2369 3921 2522 3970 quem
2563 3911 2750 3956 notum
2794 3913 2870 3957 est
2905 3913 3079 3958 armis

507 3990 762 4055 neglectis
786 3992 1057 4041 codicibus
1082 3989 1438 4040 describendis
1463 3991 1732 4038 vacavisse
1757 3994 1810 4038 et
1830 3991 1908 4039 ita
1934 3989 2193 4039 meruisse
2212 4004 2475 4054 agnomen
2498 3990 2836 4055 Calligraplci
2853 3991 3076 4058 (Rosci).

674 4126 804 4195 803
871 4129 930 4188 d.
991 4147 1050 4187 n.
1108 4125 1518 4186 Valentiniano
1575 4126 1999 4191 florentissimo.
2054 4126 2284 4187 Caesari
2343 4128 2586 4189 Anicius
2630 4129 2849 4191 Acilius
2894 4124 3077 4213 [Gua-

509 4226 754 4316 [b]r[io]¹
801 4229 1053 4291 Faustus
1097 4248 1147 4287 v.
1195 4248 1245 4289 c.
1294 4229 1505 4288 iterum
1552 4230 1892 4306 praefectus
1938 4229 2108 4289 urbi²
2152 4224 2503 4313 repara[vit].

676 4330 872 4382 Romae
905 4331 1000 4379 sub
1037 4330 1303 4379 Aventino
1342 4327 1448 4392 (VI
1479 4328 1601 4379 4677
1636 4332 1868 4378 servavit
1902 4329 1976 4379 Io.
2011 4329 2235 4380 Bembus
2270 4332 2327 4379 in
2367 4329 2547 4380 codice
2580 4332 2777 4395 scripto
2814 4346 2863 4381 a.
2899 4329 3079 4396 4536).

508 4445 571 4453 --
612 4417 658 4478 1)
697 4414 873 4465 Clarus
913 4413 1165 4464 traditur.
1202 4442 1269 4450 —
1307 4416 1356 4467 2)
1392 4413 1654 4463 Faustum
1689 4413 2023 4479 praefectum
2057 4417 2183 4464 urbi
2216 4412 2383 4473 fuisse
2417 4430 2468 4466 a.
2503 4415 2605 4465 425
2642 4415 2975 4480 intellegitur
3009 4431 3082 4464 ex

508 4500 623 4550 cod.
666 4497 855 4552 Theod.
893 4500 969 4564 46,
1002 4503 1053 4558 5,
1077 4500 1169 4560 62,
1219 4515 1321 4563 quo
1374 4514 1517 4548 anno
1565 4500 1705 4548 hunc
1750 4498 1965 4548 titulum
1996 4502 2235 4563 positum
2272 4516 2380 4548 esse
2417 4498 2803 4551 Valentiniano
2839 4501 3081 4550 nondum

508 4585 755 4648 Augusto
798 4588 1040 4649 apparet.
1097 4584 1249 4633 Alios
1291 4583 1476 4633 titulos
1517 4585 1582 4632 ab
1624 4585 1725 4633 hoc
1759 4583 1966 4633 Fausto
2008 4587 2239 4649 positos,
2283 4587 2407 4634 item
2447 4585 2662 4635 titulum
2698 4587 2806 4651 ipsi
2842 4589 3083 4650 positum

513 4669 757 4720 dabimus
793 4668 942 4728 infra
979 4670 1124 4718 inter
1157 4671 1471 4720 senatorios.

1683 4764 2439 4772 »ss——m———ffl—--fflv
2462 4767 2635 4772 m*
2662 4767 2743 4771 ΫΑ-
2764 4766 3057 4775 μὲο--ο-«ῂ
