3432 5387
633 396 807 453 Tituli
840 397 1212 453 ministrorum
1246 399 1434 453 domus
1470 399 1753 467 Augustae
1794 397 2131 454 condicionis
2165 397 2453 454 libertinae
2487 402 2544 453 et
2577 398 2809 454 servilis.
2868 399 2993 458 343

613 568 788 640 1624
851 571 1086 633 Silvano
1136 571 1148 652 Ι
1199 569 1397 655 saon!
1449 573 1703 633 Anteros
1758 571 1920 634 Caes.
1960 570 1970 653 Ι
2020 572 2361 634 horrearius
2410 571 2421 654 Ι
2472 572 2693 634 chortis
2744 572 2827 634 ΙΙΙ
2874 571 2884 654 Ι
2939 571 2997 634 d.

484 719 498 733 .
543 692 596 733 ὃ.
664 718 681 733 .

438 674 477 734 d
616 674 818 824 gomae
850 775 947 824 sub
983 774 1251 824 Aventino
1289 772 1398 839 (VI
1423 774 1526 824 388
1561 772 1728 823 deser.
1761 773 2121 840 Febr-eitius).

610 907 779 979 1625
844 909 1261 990 Philadelphus
1299 909 1310 992 Ι
1346 910 1601 972 Neronis
1646 910 1876 972 Caesar.
1917 911 1927 988 Ι
1965 929 2037 973 ex
2096 911 2326 972 horreis
2386 911 2754 982 Petroniam,
2794 909 2806 993 Ι
2844 910 2995 973 dec.²

445 1007 477 1096 ΙΙ
525 1011 745 1092 Niphas
782 1010 793 1085 1
831 1011 1231 1092 Philadespoti
1271 1011 1279 1096 Ι
1321 1011 1631 1074 contuber.
1672 1010 1683 1094 Ι
1723 1012 1866 1074 eius.

607 1109 805 1162 Romae
849 1127 960 1176 rep.
1006 1114 1067 1162 in
1112 1111 1443 1163 columbario
1479 1112 1791 1163 libertorum
1828 1117 1881 1162 et
1924 1128 2201 1164 servorum
2235 1111 2422 1163 Liviae
2457 1113 2533 1164 ad
2572 1117 2714 1164 viam
2760 1114 2994 1180 Appiam

435 1198 544 1247 sito
593 1195 698 1262 (VI
740 1196 869 1249 3974
920 1197 1059 1248 vidit
1103 1197 1356 1262 limen).
1402 1224 1467 1234 —
1519 1200 1568 1260 1)
1612 1196 1877 1258 Deoua-io,
1924 1198 2126 1249 seilicet
2161 1196 2378 1263 colleg-ii
2418 1199 2563 1265 quod
2606 1199 2994 1249 columban-iun

438 1283 766 1331 instituerat.

605 1398 778 1470 1626
841 1446 859 1462 .
892 1444 909 1462 .
949 1446 965 1461 .
998 1444 1015 1462 .
1046 1419 1158 1480 pus
1188 1399 1487 1462 Caesaeris
1534 1405 1662 1473 (sic)
1711 1395 1723 1483 Ι
1772 1393 2156 1484 [horreJarius
2201 1421 2271 1464 ex
2318 1399 2328 1484 Ι
2376 1397 2679 1489 [horr]eis¹
2728 1402 2991 1464 Peduce·

437 1502 618 1577 imis,
670 1502 784 1566 sibi
838 1499 849 1581 Ι
907 1496 979 1586 [et
1033 1496 1461 1586 co]utubernali
1516 1519 1658 1564 suae
1710 1499 1722 1582 Ι
1773 1546 1791 1562 .
1850 1546 1865 1562 .
1920 1547 1935 1562 .
1984 1547 1998 1562 .
2047 1548 2061 1562 .
2118 1546 2137 1563 .
2196 1503 2543 1566 Philumene
2601 1513 2661 1564 et
2711 1503 2723 1585 Ι
2772 1548 2792 1566 .
2836 1549 2854 1564 .
2900 1547 2917 1566 .
2974 1548 2994 1566 .

444 1605 674 1666 Tertiae
718 1605 887 1665 filiae.

608 1703 806 1756 Romae
837 1720 947 1769 rep.
985 1703 1222 1770 (Henzm
1257 1701 1434 1754 Rom
1470 1702 1646 1757 Mittlt.
1683 1703 1813 1754 4886
1837 1719 1896 1769 p.
1931 1703 2074 1771 427).
2097 1732 2164 1742 —
2204 1707 2253 1767 1)
2291 1705 2383 1756 Sic
2411 1707 2595 1772 potius
2630 1706 2770 1772 lapis
2804 1722 2994 1773 quam.-

437 1790 662 1853 [ltorltiffi
699 1793 827 1840 teste
859 1789 1121 1839 Honmo.

610 1924 774 1996 1327
841 1927 917 1988 Μ.
980 1926 1310 2001 Cocceius!
1360 1925 1626 2000 Hilarus,
1683 1924 1922 2000 'officis
1979 1926 2134 2000 suis,
2192 1927 2290 1988 hic
2345 1928 2407 1989 in
2465 1925 2711 2012 horlreis
2768 1928 2992 1989 Nervae

443 2046 705 2090 amorem
742 2029 753 2106 Ι
791 2027 996 2090 habuit
1036 2028 1422 2088 maxumum.¹
1460 2028 1471 2108 Ι
1510 2026 1737 2088 Licinia
1782 2026 1958 2089 Libas
1994 2024 2007 2110 Ι
2045 2028 2280 2090 coniux.

605 2125 800 2179 Romae
847 2128 956 2189 (VI
989 2127 1117 2180 8684
1160 2127 1301 2178 vidie
1332 2127 1592 2194 limen).
1638 2154 1702 2164 —
1755 2127 1802 2190 1)
1847 2125 2075 2178 Videtur
2118 2128 2451 2197 tignifieari,
2492 2130 2768 2195 Hilarum,
2814 2133 2989 2182 neseio

434 2213 627 2278 quibus
662 2210 863 2274 officiis
884 2211 1201 2278 fungentem
1225 2214 1285 2262 in
1322 2213 1528 2263 horreis
1550 2210 1776 2271 Nervae,
1813 2226 2048 2263 amorem
2072 2228 2255 2265 eorum
2275 2217 2633 2280 promeruisse
2654 2217 2847 2282 quibua
2869 2230 2988 2268 eum

433 2313 492 2346 eo
527 2297 795 2362 agendum
831 2302 962 2349 erat.

600 2480 772 2554 16ae
834 2485 926 2546 D.¹
973 2485 1234 2546 Philetus
1277 2486 1425 2564 Aug.
1467 2481 1478 2564 Ι
1516 2483 1783 2558 libertus,
1830 2493 2068 2545 exactor
2110 2482 2485 2566 thelrmarum
2518 2486 2923 2566 Traianarum,
2973 2488 2983 2572 Ι

428 2585 494 2646 Ρ.
561 2586 881 2667 Pompeius
937 2587 1075 2649 fecit
1131 2586 1242 2648 sibi
1300 2594 1359 2647 et
1409 2582 1419 2669 Ι
1466 2585 1587 2647 suis
1656 2585 1882 2648 libertis
1937 2585 2320 2648 lbetabusoue
2371 2586 2381 2669 Ι
2434 2591 2801 2667 posterisoue
2854 2602 2982 2671 (sic)

428 2698 638 2751 'eorum
676 2687 687 2773 Ι
728 2700 787 2751 et
828 2690 1036 2752 Balera
1081 2689 1336 2771 Tertylai
1388 2693 1517 2764 (sic)
1567 2688 1765 2770 coiugi
1802 2688 1811 2771 Ι
1852 2688 2109 2768 optimai.

596 2787 792 2840 Romae
827 2790 1020 2841 litter-is
1052 2790 1211 2841 malis
1248 2790 1358 2855 (VI
1383 2790 1517 2843 8677
1550 2789 1689 2840 vidit
1722 2788 1977 2854 Henzenj.
2002 2817 2069 2827 —
2110 2792 2157 2852 1)
2191 2791 2477 2842 For-tasse.-
2511 2792 2780 2844 Domitius
2818 2793 2984 2861 (Hm).

595 2908 765 2979 1629
828 2911 1129 2973 Iucundus
1166 2909 1178 2994 Ι
1214 2911 1365 2972 vilic.
1411 2913 1466 2973 d.
1511 2910 1663 2972 Tib.¹
1703 2908 1715 2992 Ι
1755 2918 1814 2971 et
1869 2910 2026 2972 Catia
2085 2907 2499 2995 Symlpherusa
2554 2913 2620 2974 P.
2661 2912 2671 2995 Ι
2710 2913 2983 2976 Hellenio

430 3009 721 3094 Iulcundo
766 3017 806 3073 f.
853 3011 1127 3098 dullciss„
1171 3013 1314 3074 vixit
1351 3012 1361 3093 Ι
1400 3032 1496 3074 an.
1541 3012 1596 3073 11
1640 3031 1720 3073 m.
1765 3012 1847 3073 111
1884 3011 1895 3095 Ι
1935 3013 1991 3073 d.
2036 3011 2161 3073 XX.

597 3111 795 3164 Romae
829 3113 937 3174 (VI
963 3116 1096 3166 8635
1132 3113 1298 3164 deser.
1334 3111 1649 3178 Detlel'een).
1685 3138 1755 3151 —
1795 3115 1842 3175 1)
1878 3112 2086 3163 Vilicus
2123 3113 2310 3164 domm·
2349 3112 2677 3165 Tiberianae.

594 3228 765 3300 163⁰
827 3234 917 3294 dis
973 3233 1196 3295 manib.
1250 3230 1260 3317 Ι
1310 3233 1385 3293 Μ.
1447 3231 1620 3312 Ulpio
1676 3234 1957 3294 Aerasmo
2027 3239 2153 3307 (sic)
2212 3232 2457 3315 Augusti
2514 3234 2614 3296 lib.
2666 3233 2677 3314 Ι
2726 3237 2981 3318 subpro-

424 3336 684 3396 curatori
721 3336 732 3415 Ι
771 3335 982 3397 domus
1024 3335 1456 3415 Augustianae‚
1508 3334 1518 3414 Ι
1554 3334 1694 3395 vixit
1728 3336 1920 3396 'anuis
1966 3335 2177 3396 XXXII
2220 3354 2405 3396 mens.
2453 3335 2538 3409 ΙΙ,
2587 3334 2597 3418 Ι
2650 3337 2726 3399 Μ.
2776 3338 2981 3420 Ulpius

423 3436 787 3516 Aephaesius
837 3444 964 3510 (sic)
1012 3437 1091 3497 fil.
1123 3446 1183 3498 et
1218 3433 1229 3518 Ι
1269 3436 1437 3516 Ulpia
1467 3436 1740 3498 Thallusa
1787 3438 2002 3499 coniux
2041 3435 2052 3521 Ι
2090 3438 2496 3500 benemerenti
2540 3439 2829 3516 fecerunt,
2869 3438 2885 3522 Ι
2921 3450 2982 3503 et

424 3538 535 3601 sibi
581 3549 640 3600 et
681 3540 822 3612 suis,
863 3539 872 3621 Ι
912 3538 1136 3600 libertis
1181 3536 1624 3617 libertabusque
1663 3540 1674 3615 Ι
1711 3540 2082 3618 posterisque
2128 3557 2355 3601 eorum.

595 3637 791 3689 Romae
828 3638 936 3705 (VI
961 3640 1090 3690 8640
1124 3638 1265 3689 vidit
1299 3639 1554 3705 Homeri).

595 3756 760 3827 1631
833 3759 1070 3821 Claudia
1114 3760 1467 3841 Primigenia
1504 3758 1514 3842 Ι
1554 3759 1665 3820 vix.
1725 3776 1820 3819 an.
1866 3757 2105 3832 XXVII,
2144 3761 2155 3840 Ι
2206 3759 2519 3821 Harmodi¹
2576 3761 2663 3822 Ti.
2711 3762 2913 3824 Claudi
2959 3759 2972 3846 Ι

427 3858 641 3922 Germa
651 3862 766 3923 uici
810 3880 973 3941 supr.
1018 3863 1172 3923 dom.

596 3962 658 4012 In
693 3977 827 4027 agro
860 3961 1125 4024 Romano,
1160 3962 1252 4012 sed
1286 3960 1519 4012 oriunda
1553 3976 1624 4010 εει·
1658 3963 1792 4012 urbe
1823 3959 1989 4013 Roma
2037 3962 2146 4026 (VI
2173 3964 2305 4015 8662
2353 3960 2427 4025 cf.
2462 3962 2598 4016 XIV
2618 3963 2715 4014 294
2733 3962 2780 4027 *,
2811 3963 2848 4015 2
2897 3964 2978 4014 bis

424 4042 697 4110 «incripta
738 4062 875 4098 saec.
911 4046 1104 4111 XVII).
1141 4075 1208 4084 —
1248 4049 1296 4111 1)
1331 4045 1630 4106 Harmodii,
1668 4046 1947 4112 intellege:
1980 4064 2142 4101 uxor.

592 4165 764 4237 1632
825 4169 1050 4231 Narcisi
1094 4175 1222 4245 (sic)
1280 4170 1294 4249 Ι
1336 4167 1425 4229 Ti.
1475 4166 1677 4229 Claudi
1715 4165 1730 4250 Ι
1766 4167 2108 4255 ΒτίωιιῑιίοΙί
2150 4188 2331 4251 supra
2369 4172 2380 4247 Ι
2418 4169 2656 4231 insulas.

593 4268 660 4319 In
690 4283 829 4334 agro
864 4268 1101 4322 Romano
1133 4286 1299 4337 prope
1333 4268 1560 4320 Lubicos
1594 4284 1725 4335 rep„
1770 4270 1958 4320 tabella
1995 4286 2160 4321 aenea
2208 4270 2371 4337 (XIV
2390 4270 2523 4322 2769
2556 4269 2847 4320 delineavit
2878 4269 2974 4321 ΡΙι.

420 4352 557 4404 Aur.
593 4353 879 4419 Vacante).

594 4521 761 4592 1⁶83
827 4525 1016 4586 Genio
1055 4522 1065 4607 Ι
1106 4524 1353 4587 ῖωιίῑίειε
1398 4526 1697 4601 monetali„
1738 4523 1750 4607 Ι
1788 4524 2121 4586 Demetrius
2166 4523 2427 4586 Caesaris
2483 4544 2543 4585 n.
2581 4520 2592 4605 Ι
2643 4541 2758 4583 ser.
2816 4522 2976 4605 Epa·

419 4628 832 4707 phroditianus
874 4627 1024 4706 disp.
1064 4624 1076 4706 Ι
1114 4627 1171 4687 d.
1217 4628 1271 4688 d.

593 4728 792 4781 Romae
826 4727 932 4790 (VI
962 4728 1070 4780 239
1104 4727 1243 4778 vidit
1273 4728 1526 4796 Hensm).
