3432 5387
968 366 1139 423 Tituli
1173 368 1562 439 imperatorum
1599 374 1899 444 domusque
1932 376 2336 448 imperatoriae.
2806 388 2928 446 183

345 537 666 604 praefectus
698 541 826 588 urbi
863 538 1487 607 Constantinopolitanae
1519 546 1645 596 inde
1679 550 1746 598 ab
1785 565 1835 601 a.
1858 550 1988 614 389,
2028 553 2202 617 capite
2232 557 2457 618 punitus
2491 561 2570 607 est
2607 557 2757 624 (Zos.
2791 564 2839 625 4,
2860 564 2931 615 32

351 622 425 672 al.
464 621 539 683 cll
583 622 866 674 Tillemont
897 626 1074 688 5‚558
1091 627 1241 692 seq),
1279 629 1378 679 hoc
1413 646 1460 680 a.
1498 630 1627 693 395,
1675 648 1781 697 quo
1825 640 2083 687 memoria
2132 640 2246 687 eius
2278 641 2337 689 in
2372 643 2643 706 integrum
2678 648 2928 715 restituta

348 712 434 757 est
473 706 572 773 (cll
608 708 721 760 cod.
764 708 955 761 Theod.
989 713 1038 774 9,
1073 712 1160 771 58,
1183 712 1258 777 9).
1297 740 1361 749 —
1400 714 1503 765 Pro
1541 710 1809 785 Πρόκλος
1843 724 2145 785 requiritur
2178 718 2441 796 Πρόκλῳ,
2480 727 2641 792 idque
2673 726 2787 788 fait
2818 736 2934 782 sine

350 793 527 844 dubio
564 798 621 843 in
656 794 837 859 lapide
870 798 993 845 ante
1027 811 1292 848 rasuram.

535 895 666 964 822
732 899 787 957 d.
836 917 895 958 n.
943 900 1066 962 Ael.
1113 900 1412 962 Eudoxiae
1471 921 1708 983 semper
1751 909 2045 986 Augustae
2096 914 2106 987 Ι
2161 931 2209 971 v.
2269 932 2319 973 c.
2368 916 2702 996 Simplicius
2747 921 2931 999 praef.

353 1001 496 1061 urb.
542 1001 845 1068 dedicavit.

771 1097 1028 1186 [Κίο]να
1073 1106 1460 1188 πορφυρέην
1505 1105 1615 1169 καὶ
1662 1098 1980 1197 ἀργυρέην
2023 1100 2374 1195 βασίλειαν

770 1201 1013 1287 δέρκεο,
1061 1202 1231 1269 ἔνθα
1276 1203 1482 1291 πόληι
1525 1209 2005 1288 θεμιστεύουσι
2052 1210 2360 1295 ἄνακτες·

773 1298 1025 1388 οὕνομα
1071 1298 1140 1369 δ’
1194 1304 1254 1370 εἷ
1299 1311 1606 1395 ποθέεις,
1655 1302 1977 1388 Εὖὸόξια·
2022 1322 2126 1394 τίς
2172 1311 2237 1383 δ’
2291 1313 2614 1410 ἀνέθηκεν
2630 1353 2651 1405 ,·

771 1407 1189 1489 Σιμπλίκιος,
1235 1408 1540 1494 μεγάλων
1583 1405 1863 1478 ὑπάτων
1904 1414 2117 1500 γόνος,
2166 1419 2414 1501 ἐσθλὸς
2456 1416 2775 1510 ὕπαρχος.

537 1507 998 1574 Constantinopoli
1022 1511 1081 1560 in
1108 1511 1226 1559 basi
1250 1512 1527 1562 columnae
1552 1529 1711 1578 quam
1744 1516 2046 1582 Eudooeiae,
2079 1522 2310 1574 Arcadii
2332 1530 2516 1591 uxori,
2548 1529 2781 1580 dicatam
2820 1547 2930 1580 esse

358 1610 413 1647 a.
431 1596 533 1647 405
551 1596 712 1644 iuxta
739 1595 1014 1645 ecclesiam
1037 1594 1093 1646 S.
1112 1594 1344 1662 Sophiae
1368 1602 1613 1647 auctores
1639 1600 1882 1665 tradunt,
1906 1619 2051 1655 nunc
2075 1609 2216 1657 basis
2239 1612 2297 1658 in
2325 1626 2481 1675 opere
2503 1617 2681 1678 posita
2706 1618 2799 1677 est,
2824 1631 2933 1666 non

358 1680 523 1743 longe
559 1694 592 1728 a
629 1678 742 1730 loco
780 1682 1033 1745 antiquo,
1083 1682 1142 1730 in
1179 1681 1395 1732 ecclesia
1432 1681 1488 1732 S.
1524 1681 1711 1733 Irenae
1743 1686 1970 1745 (111736
2006 1692 2171 1744 deser.
2208 1693 2407 1756 Frick,
2446 1699 2541 1762 qui
2573 1702 2837 1764 repperit,
2881 1705 2934 1750 et

360 1764 754 1825 Mordtmann).
788 1793 859 1803 —
891 1765 972 1815 De
1007 1768 1178 1816 turbis
1211 1765 1376 1826 factis
1411 1781 1531 1817 cum
1566 1767 1910 1823 dedicaretur
1943 1777 2072 1826 leaeo
2104 1782 2302 1841 statua,
2340 1796 2478 1846 quae
2513 1783 2742 1833 Iohanni
2767 1783 2933 1851 Chry-

357 1856 593 1901 sostomo
632 1865 794 1900 causa
829 1847 1055 1909 fuerunt
1089 1853 1248 1903 exilii
1282 1868 1332 1901 a.
1366 1853 1476 1912 404,
1514 1850 1586 1912 cf.
1628 1850 1911 1907 Tillemont
1942 1863 1994 1925 5,
2016 1864 2125 1915 470.

533 1918 663 1988 823
777 1920 1091 1984 Theodosii
1139 1922 1327 1993 iussiS‚
1374 1923 1612 2001 gemino
1658 1945 1771 1987 nec
1817 1952 2019 1994 mense
2066 1946 2326 2014 peracto,

774 2069 1202 2133 Constantinus
1247 2091 1429 2133 ovans
1471 2073 1619 2133 haec
1667 2072 1900 2133 moenia
1945 2074 2111 2133 firma
2159 2072 2384 2133 locavit.

776 2172 919 2232 Tam
967 2173 1081 2234 cito
1127 2185 1246 2235 tam
1292 2173 1562 2235 stabilem
1606 2175 1797 2237 Pallas
1840 2175 1930 2236 vix
1976 2175 2263 2236 conderet
2305 2191 2519 2235 arcem.

771 2280 854 2349 ·†·
882 2265 1178 2356 ’Ὴμασιν
1220 2272 1533 2363 ἑξήκοντα
1578 2274 2057 2363 φιλοσκήπττρῳ
2099 2276 2371 2363 βασιλῆι

772 2383 851 2452 -1-
897 2382 1403 2454 Κωνσταντῖνος
1447 2368 1743 2460 ὕπαρχος
1790 2374 2152 2464 ἐὸε[ίμ]ατο
2197 2383 2399 2459 τείχει
2442 2390 2676 2459 τεῖχος.

540 2472 1006 2543 Constantinopoli
1037 2494 1205 2543 supra
1238 2484 1452 2544 portam
1496 2480 1651 2530 hodie
1699 2481 1900 2530 dictam
1935 2479 2318 2531 Mevlewilzane
2353 2480 2474 2531 Jeni
2510 2478 2661 2545 Kapu
2698 2478 2808 2541 (ΙΙΙ
2836 2477 2934 2529 734

371 2555 440 2617 cs.
470 2572 524 2622 p.
547 2562 684 2622 990).
719 2589 783 2599 —-
829 2565 879 2624 1)
913 2564 976 2614 A.
1010 2564 1104 2613 447
1139 2567 1285 2615 intra
1323 2570 1431 2614 tres
1464 2579 1666 2615 menses
1699 2566 1851 2614 urbis
1884 2566 2165 2631 Augustae
2197 2580 2380 2615 muros
2412 2566 2539 2615 olim
2576 2569 2754 2614 terrae
2787 2568 2935 2613 motu

369 2642 672 2709 conlapsos,
724 2646 1071 2700 Constantino
1108 2649 1386 2716 praefecto
1420 2653 1697 2715 praetorio
1735 2665 1952 2716 operam
1987 2651 2171 2713 dante,
2220 2649 2593 2713 reaedificatos
2628 2666 2737 2700 esse
2768 2648 2937 2699 tradit

372 2727 711 2781 Marcellinus
746 2749 930 2785 comes.

535 2849 666 2919 824
784 2848 1123 2938 [prJincipis
1166 2855 1320 2915 hanc
1364 2863 1611 2916 statuam
1660 2855 1943 2917 Marciani
1982 2856 1993 2939 Ι
2031 2875 2211 2918 cerne
2255 2863 2571 2935 torumque
2605 2851 2614 2938 1

776 2950 1162 3039 [praefJectus
1205 2957 1359 3018 vovit
1403 2957 1562 3036 quod
1607 2958 1920 3019 Tatianus¹
1962 2956 1971 3038 Ι
2012 2977 2179 3038 opus,

543 3052 1005 3121 Constantinopoli
1029 3058 1087 3105 in
1114 3058 1228 3106 basi
1252 3058 1528 3108 columnae
1558 3059 1720 3123 vulgo
1747 3059 1925 3108 dietae
1949 3057 2279 3125 Kyss-Tasclz
2303 3061 2339 3109 i.
2364 3075 2409 3109 e.
2434 3057 2682 3108 columna
2706 3058 2937 3121 virginis

372 3136 480 3196 (ΙΙΙ
508 3137 609 3190 758
643 3138 717 3188 ad
751 3138 1050 3205 exemplum
1088 3147 1402 3192 accuratum
1435 3142 1756 3203 Ioannidis).
1783 3171 1848 3180 —
1876 3145 1924 3206 1)
1949 3143 2027 3193 De
2056 3141 2286 3194 Tatiano
2315 3141 2594 3209 praefecto
2631 3144 2780 3192 urbis
2806 3141 2936 3194 Con-

371 3222 880 3287 stantinopolitanae
914 3241 964 3277 a.
998 3242 1052 3292 p.
1093 3225 1146 3277 C.
1179 3227 1273 3277 454
1311 3224 1382 3286 cf.
1427 3225 1710 3277 Tillemont
1743 3229 1790 3292 6,
1813 3229 1932 3279 243.
1956 3229 2078 3279 292.

1148 3449 1379 3525 Tituli
1433 3473 1685 3548 regum
1741 3449 2164 3526 Gothorum.

537 3577 667 3648 825
733 3581 903 3645 salvis
948 3581 1212 3667 domifno
1256 3606 1297 3647 n
1302 3632 1560 3648 ......
1566 3583 1623 3672 ]¹
1658 3585 1668 3670 Ι
1701 3588 1966 3667 Augusto
2000 3596 2058 3647 et
2088 3581 2524 3672 gl[oriosissimo
2555 3582 2706 3669 φερε]
2742 3586 2938 3648 Theo-

371 3682 590 3756 derico,
637 3685 718 3744 Va
749 3730 764 3745 .
798 3730 813 3745 .
848 3729 863 3745 .
897 3732 911 3746 .
953 3683 962 3768 Ι
1002 3705 1073 3746 ex
1112 3706 1265 3749 com.
1299 3684 1804 3774 domest[icorum]
1845 3734 1858 3748 .
1891 3733 1907 3750 .
1942 3735 1956 3749 .
1996 3686 2007 3771 Ι
2046 3688 2108 3749 in
2139 3689 2288 3748 atrio
2319 3685 2699 3772 liberftatisj²
2729 3733 2744 3748 .
2780 3733 2795 3748 .
2828 3734 2843 3749 .
2876 3733 2891 3748 .
2927 3668 2937 3754 Ι

370 3802 519 3862 quae
563 3781 895 3871 vetus[tote]
947 3833 1154 3850 .....
1164 3784 1344 3873 Ι[ᾳ]ιιε
1391 3786 1687 3875 consect[o
1732 3801 1897 3853 erant
1935 3789 1945 3871 Ι
1984 3784 2225 3874 re]fecit.

536 3884 736 3936 Romae
783 3890 842 3938 in
887 3888 1108 3938 ecclesia
1144 3889 1198 3941 S.
1235 3890 1505 3940 Hadriani
1547 3891 1619 3941 ad
1651 3888 1836 3950 forum
1874 3888 1980 3952 (VI
2010 3891 2134 3941 4794
2187 3890 2260 3940 ad
2301 3891 2520 3940 unicum
2564 3891 2938 3955 apographum

371 3969 685 4034 Cittadinii,·
733 3987 852 4022 cum
899 3973 1133 4024 eiusdem
1179 3973 1336 4034 salsis
1381 3974 1761 4040 supplementis
1800 3975 1954 4026 Orell.
1982 3975 2151 4038 4434).
2193 4002 2259 4012 —
2304 3978 2351 4038 1)
2395 3977 2565 4026 Periit
2608 3990 2798 4026 nomen
2845 3977 2942 4025 aut

367 4056 651 4106 Anastasii
686 4061 782 4108 aut
816 4058 1032 4109 Iustini.
1089 4058 1330 4110 Ceterum
1366 4061 1425 4109 in
1467 4061 1568 4110 hoc
1600 4060 1712 4111 solo
1751 4059 1908 4110 titulo
1946 4076 2053 4111 una
2091 4076 2207 4111 cum
2254 4060 2575 4111 Theoderico
2608 4063 2941 4110 memoratur

368 4143 671 4207 imperator
709 4142 957 4194 Orientis.
995 4170 1061 4182 -
1100 4145 1149 4208 2)
1189 4143 1268 4204 Cf.
1306 4143 1594 4195 Mommsen
1630 4145 1808 4196 Herm.
1843 4146 1919 4197 23
1947 4162 2001 4211 p.
2026 4145 2141 4197 651.

537 4223 2940 4328 &mmm

370 4347 491 4408 suis
535 4366 781 4408 amoena
830 4349 1175 4428 coniugem,
1222 4349 1405 4411 sterili
1449 4351 1661 4430 palude
1705 4352 1938 4420 siccata,
1983 4351 2092 4412 hos
2136 4351 2372 4411 hortos¹
2418 4350 2577 4412 suavi
2624 4366 2938 4429 pomorum

371 4450 731 4511 fecunditate
776 4451 992 4511 ditavit.

542 4548 825 4601 Ravennae
844 4549 944 4612 (ΧΙ
960 4552 1023 4603 40
1041 4552 1200 4602 semel
1223 4551 1486 4617 descripta
1511 4554 1577 4602 ab
1602 4555 1791 4616 ignoto
1812 4555 2033 4602 auctore
2059 4556 2184 4601 ante
2201 4567 2337 4602 saec.
2357 4552 2444 4613 IX,
2472 4555 2624 4602 cuius
2641 4552 2941 4618 exemplum

371 4637 609 4685 servavit
642 4636 935 4700 Scaliger).
959 4664 1027 4675 —
1059 4638 1104 4698 1)
1132 4637 1329 4687 Hortos
1353 4639 1447 4687 lzos
1470 4635 1803 4687 Ravennates
1822 4636 2007 4702 plenos
2043 4638 2325 4687 arboribus
2356 4636 2642 4702 pomiferis
2675 4641 2936 4688 memorat

376 4716 467 4781 (ut
504 4719 629 4769 olim
663 4720 1042 4772 Mommsenum
1079 4724 1289 4772 monuit
1322 4737 1421 4786 per
1456 4722 1665 4772 litteras
1704 4721 2126 4787 Gutsclzmidius)
2166 4722 2423 4772 Iordanes
2461 4721 2569 4774 Get.
2606 4724 2695 4788 22,
2738 4723 2849 4773 150.
