3432 5387
608 413 732 470 274
1719 414 1899 484 caput
1932 414 2059 469 n11.

1099 589 1214 650 Aut
1237 589 1332 649 die
1355 590 1486 668 quis
1508 590 1584 650 sit
1612 589 1824 664 honoS,
1851 588 1861 671 Ι
1895 608 2072 668 quem
2104 591 2241 650 mihi
2274 591 2468 652 inesse
2501 608 2699 671 negas.
2739 589 2750 674 Ι

915 690 1236 769 Collegium
1282 691 1572 770 pistorum
1614 690 1623 769 Ι
1662 702 1916 770 patrono
1961 692 2451 771 prestantissimo.

777 790 975 842 Itomae
1007 807 1117 856 rep.
1154 793 1233 841 ibi
1264 793 1360 841 ubi
1392 789 1464 842 Ν.
1498 792 1627 843 4240
1664 792 1773 853 (Vl
1802 791 1931 843 4692
1966 795 2178 856 saepius
2213 793 2481 859 descripta
2516 809 2653 846 saec.
2690 792 2859 856 XVI).

776 926 945 996 1243
1010 931 1257 991 honori¹
1303 930 1576 991 Memmio
1624 930 1872 991 Vitrasio
1918 930 2147 991 Orfito²
2202 950 2252 990 v.
2309 949 2393 1003 c.,
2452 948 2671 1009 genere
2732 931 2948 1006 nobili,
3003 930 3163 992 domi

606 1033 867 1111 forisque
915 1031 985 1092 ad
1031 1032 1363 1111 exemplum
1410 1042 1675 1093 veterum
1720 1032 2085 1092 continentia
2145 1032 2359 1093 iustitia
2418 1034 2747 1095 constantia
2792 1032 3166 1111 providentia

608 1134 1005 1213 omnibusque
1050 1133 1365 1194 virtutibus
1405 1153 1641 1214 semper
1685 1134 1940 1205 inlustri,
1985 1135 2166 1213 praef.
2213 1134 2367 1206 urbi,
2418 1154 2535 1195 non
2585 1135 2768 1195 multo
2814 1135 3166 1215 interposito

604 1246 871 1315 tempore
902 1236 1115 1297 iterum
1146 1237 1330 1315 praes.
1363 1235 1550 1311 urbi³‚
1596 1236 1940 1314 proconsuli
1973 1235 2250 1309 Africae⁴‚
2297 1237 2497 1298 comiti
2531 1236 2757 1297 ordinis
2785 1236 2980 1315 primi,
3022 1237 3165 1297 item

604 1338 805 1398 comiti
864 1338 1017 1397 intra
1069 1338 1484 1399 consistorium
1545 1337 1770 1398 ordinis
1829 1337 2036 1417 primi,
2096 1337 2285 1416 legato
2348 1340 2536 1418 petitu
2595 1348 2833 1400 senatus
2893 1339 3164 1419 populiq.

603 1441 875 1513 Romani,
900 1440 1100 1501 comiti
1124 1440 1349 1501 ordinis
1372 1439 1671 1514 secunffi‘,
1704 1440 2001 1501 consulari
2024 1440 2362 1518 provinciae
2388 1441 2637 1513 Siciliae,
2663 1440 2929 1519 pontifici
2960 1440 3164 1501 maiori

606 1542 830 1616 Vestae,
878 1543 1341 1621 quindecimviro
1386 1563 1434 1603 s.
1474 1543 1533 1613 f„
1580 1541 1847 1620 pontifici
1880 1541 2051 1613 Solis,
2084 1543 2334 1614 consuli,
2368 1543 2643 1621 praetori,
2676 1543 2973 1621 quaestori
3006 1537 3163 1627 [Ic.]⁸‚

604 1655 781 1724 atque
838 1644 929 1705 his
974 1644 1251 1705 omnibus
1295 1644 1369 1705 ab
1414 1645 1540 1722 ipsa
1586 1644 1892 1705 iuventute
1940 1645 2284 1723 perfuncto,
2345 1643 2420 1704 ob
2467 1643 2593 1704 eius
2638 1644 3006 1723 temporibus
3050 1644 3165 1704 dis-

603 1746 876 1808 ficillimis
935 1747 1201 1826 egregias
1258 1766 1326 1807 ae
1385 1745 1671 1807 salutares
1723 1745 2118 1824 provisioneS‚
2177 1755 2588 1825 susceptorum
2637 1746 2999 1808 Ostiensium
3043 1746 3163 1807 sive

603 1849 1018 1911 Portuensium
1065 1848 1535 1927 antiquissimum
1582 1848 1853 1926 eorpus⁷‚
1902 1846 1978 1907 ob
2011 1846 2316 1906 utilitatem
2350 1847 2515 1909 urbis
2545 1849 2765 1909 Romae
2809 1858 3163 1921 recreatum,

600 1961 849 2011 statuam
898 1951 1223 2011 constituit.

770 2050 965 2101 Romae
1000 2066 1109 2113 rep.
1144 2065 1311 2114 prope
1346 2049 1622 2099 basilicam
1646 2048 2090 2099 Later-anensem:
2126 2048 2284 2098 semel
2317 2052 2574 2099 iterumve
2610 2049 2877 2115 descripta
2901 2066 3041 2102 saec.
3065 2048 3177 2101 XV

601 2135 706 2195 (VI
739 2134 904 2198 4744).
941 2163 1005 2170 -
1049 2138 1092 2197 1)
1131 2132 1210 2194 Cr.
1245 2150 1411 2199 supra
1445 2132 1513 2186 N.
1551 2132 1694 2184 4244.
1722 2132 1872 2185 4220.
1923 2162 1987 2169 -
2039 2135 2090 2197 2)
2126 2134 2313 2184 Eidem
2352 2134 2596 2183 Memmio
2637 2134 2805 2196 Orfito
2835 2137 3008 2200 positi
3039 2139 3166 2185 sunt

602 2220 749 2269 tituli
794 2221 953 2270 huius
994 2218 1195 2267 similes
1244 2220 1309 2269 ab
1353 2219 1479 2268 aliis
1514 2220 1829 2283 corporibus
1865 2218 1947 2268 Vl
1978 2219 2122 2270 4759.
2158 2218 2296 2269 4740.
2333 2219 2476 2271 4742.
2548 2221 2690 2270 Idem
2727 2223 2784 2271 in
2814 2219 3163 2286 praefectura

597 2306 784 2368 priore
820 2306 1006 2368 posuit
1050 2302 1266 2352 tilulum
1302 2303 1383 2353 VI
1413 2302 1567 2366 4439,
1613 2306 1670 2352 in
1709 2300 2061 2368 praefectura
2111 2303 2284 2354 altera
2321 2304 2510 2355 titulos
2550 2304 2628 2356 V]
2658 2304 2797 2358 4464.
2835 2304 2982 2356 4462.
3021 2304 3160 2356 4468.

602 2389 933 2440 Memoratm·
977 2389 1124 2453 apud
1157 2387 1557 2454 Symmachum,
1605 2391 1759 2438 cuius
1791 2387 1904 2448 suit
1934 2403 2100 2451 socer,
2136 2404 2214 2453 ep.
2253 2387 2300 2452 l,
2336 2388 2381 2440 4.
2415 2391 2464 2449 9,
2504 2389 2597 2441 450
2633 2388 2729 2440 rel.
2762 2389 2830 2441 54
2866 2395 2919 2439 et
2950 2392 3161 2455 saepius

598 2474 745 2538 apud
765 2474 1125 2525 Ammianum.
1160 2501 1228 2510 ——
1263 2475 1315 2536 3)
1350 2471 1660 2533 Praefectus
1694 2476 1820 2523 urbi
1854 2471 1965 2533 suit
2000 2490 2050 2525 a.
2084 2475 2262 2538 asaf-3,
2298 2475 2495 2523 iterum
2532 2491 2580 2525 a.
2615 2476 2904 2527 356—359.
2931 2503 2998 2513 —-
3024 2478 3077 2534 4)
3111 2480 3161 2525 et

601 2560 709 2625 (vel
742 2561 826 2625 ac)
855 2558 1005 2609 tertio
1031 2571 1286 2608 sacrarum
1313 2558 1662 2622 cognitionum
1689 2558 1862 2622 iudici,
1935 2561 1984 2621 5)
2010 2558 2363 2624 expeditiones
2390 2558 2601 2610 bellicas
2625 2559 2928 2624 gubernanti
2954 2560 3160 2610 addunt

594 2646 794 2696 similes
834 2642 982 2693 tituli
1015 2646 1315 2693 enumerati
1350 2648 1459 2693 not.
1496 2645 1549 2695 2.
1587 2672 1650 2679 —-
1689 2645 1740 2707 6)
1777 2644 2035 2710 quaestori
2072 2658 2111 2695 r.
2151 2643 2406 2693 traditur.
2451 2672 2516 2680 -—
2566 2647 2613 2708 7)
2653 2643 2733 2705 Cf.
2773 2644 2825 2696 0.
2861 2643 2993 2697 XIV
3021 2661 3079 2712 p.
3109 2647 3158 2697 8.

767 2762 940 2834 1244
1007 2765 1050 2824 F
1056 2767 1092 2826 l.
1140 2765 1441 2845 Eugenio¹
1489 2785 1539 2826 v.
1587 2785 1658 2839 c.‚
1708 2784 1780 2826 ex
1825 2766 2121 2844 praesecto
2166 2765 2495 2844 praetorio,
2535 2764 2547 2844 Ι
2586 2767 2816 2827 consuli
2861 2767 3157 2828 ordinario

597 2844 952 2948 designato²‚
998 2869 1277 2947 magistro
1306 2864 1315 2951 Ι
1344 2867 1674 2929 officiorum
1708 2867 2029 2939 omnium³,
2076 2867 2276 2926 comiti
2306 2867 2628 2928 domestico
2665 2866 2677 2950 Ι
2719 2869 2944 2930 ordinis
2988 2870 3157 2948 primi

598 2972 993 3050 omnibusque
1019 2970 1296 3031 Palatinis
1325 2966 1331 3051 Ι
1359 2969 1742 3048 dignitatibus
1775 2969 1999 3040 functo,
2034 2968 2109 3029 ob
2143 2969 2410 3046 egraegia
2443 2969 2569 3029 eius
2595 2965 2603 3051 Ι
2629 2969 2689 3030 in
2717 2989 2837 3033 rem
2864 2972 3155 3051 publicam

595 3075 832 3133 merita:
880 3074 1019 3132 huie
1059 3070 1069 3152 Ι
1107 3072 1203 3132 dd.
1251 3091 1357 3132 nn.
1397 3071 1778 3132 Constantius
1822 3071 2008 3132 victor
2052 3089 2120 3130 ae
2160 3069 2170 3150 Ι
2208 3071 2543 3130 triumlator
2584 3090 2820 3150 semper
2864 3074 3158 3152 Augustus

597 3185 654 3235 et
693 3174 703 3256 Ι
744 3175 1004 3236 lulianus
1037 3173 1436 3234 nobilissimus
1468 3173 1707 3234 Caesar⁴
1748 3172 1757 3246 Ι
1798 3181 2047 3233 statuam
2081 3172 2194 3234 sub
2226 3190 2370 3232 auro
2416 3173 2475 3232 in
2525 3173 2652 3233 foro
2699 3174 2812 3234 divi
2850 3172 2859 3256 Ι
2901 3175 3155 3246 Traiani,

596 3294 769 3355 quam
830 3284 967 3336 ante
1025 3274 1136 3336 sub
1200 3275 1330 3335 divo
1370 3273 1380 3357 Ι
1421 3276 1744 3336 Constante
1803 3276 1951 3335 vitae
2010 3283 2069 3334 et
2127 3275 2496 3334 fidelissimae
2548 3275 2925 3355 {devotionis
2974 3277 3154 3354 gratia

594 3379 828 3453 meruit,
870 3374 880 3458 Ι
918 3376 1283 3456 adprobante
1329 3378 1688 3456 amplissimo
1735 3386 1944 3438 senatu
1983 3374 1993 3457 Ι
2044 3388 2282 3454 sumptu
2328 3376 2566 3456 publico
2612 3377 2742 3437 loco
2789 3397 2897 3439 suo
2938 3377 2949 3459 Ι
2987 3380 3155 3441 resti-

594 3480 909 3540 tuendam⁸
954 3488 1336 3540 censuerunt.

763 3578 959 3630 Romae
995 3579 1122 3629 olim
1157 3582 1214 3629 in
1251 3579 1470 3629 aedibus
1496 3582 1761 3644 privatis,
1810 3594 1954 3629 nunc
2002 3581 2060 3628 in
2103 3576 2230 3639 foro
2274 3577 2510 3629 Traiano
2547 3579 2652 3639 (Vl
2684 3579 2811 3630 4724
2850 3581 2987 3630 vidit
3021 3581 3153 3630 Bor·

593 3669 798 3726 mann).
824 3692 890 3700 —
924 3665 967 3727 1)
993 3665 1093 3715 Hic
1128 3669 1205 3714 est
1240 3665 1518 3728 Eugenius
1552 3667 1879 3714 memoratus
1912 3667 1974 3713 ut
2002 3665 2282 3728 gratiosus
2318 3664 2464 3728 apud
2489 3663 2827 3714 Constantem
2862 3683 2895 3715 a
2927 3665 3150 3716 Libanio

590 3767 692 3814 pro
719 3751 1077 3814 Aristophane
1103 3749 1204 3814 (ed.
1236 3749 1423 3800 Heislte
1458 3750 1578 3801 4784
1619 3750 1667 3815 l)
1703 3766 1756 3814 p.
1780 3750 1879 3800 427
1917 3741 2212 3817 (Εὖγένιος
2250 3739 2282 3802 ὃ
2319 3743 2524 3818 μικρὸς
2557 3748 2774 3818 γίνεται
2811 3743 2970 3822 παρὰ
2998 3740 3151 3804 Koo'v·

594 3851 789 3888 σταντι
826 3831 1027 3903 μέγας)
1061 3840 1112 3883 et
1135 3852 1187 3900 p.
1213 3837 1323 3900 440,
1359 3837 1483 3884 ilem
1520 3837 1583 3884 ab
1610 3836 1910 3885 Athanasio
1936 3833 2148 3899 apolog.
2174 3833 2246 3884 ad
2271 3833 2639 3884 Constantium
2664 3849 2707 3885 c.
2731 3836 2785 3898 5,
2819 3839 2882 3884 ut
2903 3837 3154 3900 magistri

593 3920 653 3985 (i.
679 3937 723 3970 e.
761 3921 1010 3983 magistri
1033 3919 1365 3984 officiorum)
1401 3935 1619 3971 munere
1643 3920 1792 3986 apud
1816 3920 2150 3976 Constantem
2175 3917 2413 3979 functus.
2440 3947 2504 3955 --
2532 3921 2581 3982 2)
2609 3918 2736 3970 Cum
2763 3921 2820 3968 in
2856 3919 3013 3980 fastis
3048 3934 3151 3969 non

590 4009 1053 4066 commemoretur,
1112 4006 1224 4054 vita
1270 4002 1494 4064 functus
1553 4023 1661 4056 esse
1706 4005 1985 4070 putandus
2031 4008 2109 4053 est
2153 4009 2438 4068 antequam
2485 4004 2673 4053 consul
2709 4004 3040 4068 procederet.
3085 4031 3149 4041 —

593 4093 644 4152 3)
685 4087 764 4150 Cf.
815 4093 925 4141 not.
963 4091 1010 4140 4.
1057 4117 1123 4125 -
1170 4092 1221 4151 4)
1267 4090 1331 4139 Α.
1379 4091 1620 4151 555Ι560.
1667 4118 1732 4126 -
1784 4092 1835 4154 11)
1881 4090 2076 4139 Statua
2125 4089 2371 4153 Eugenio
2418 4088 2664 4138 dedicata
2709 4091 2804 4139 sub
2855 4088 3149 4151 Constante,

588 4191 778 4252 eversa
804 4171 1033 4233 sortasse
1068 4172 1181 4234 fuit
1216 4176 1539 4236 temporibus
1574 4173 1890 4237 Magnentii.

758 4292 927 4362 1245
997 4297 1265 4356 Naeratio
1314 4296 1535 4356 Cereali
1583 4315 1633 4354 v.
1681 4314 1732 4355 c.
1775 4294 1784 4375 Ι
1825 4296 2053 4355 consuli
2101 4295 2271 4367 ord),
2329 4297 2516 4371 praef.
2569 4295 2746 4366 urb.²‚
2798 4293 2809 4375 Ι
2859 4294 3146 4355 conditori

588 4398 990 4470 balnearum³‚
1031 4399 1040 4476 Ι
1082 4397 1322 4458 Cursius
1368 4397 1593 4458 Satrius
1632 4395 1642 4475 Ι
1683 4407 1937 4474 patrono
1985 4397 2179 4456 omnia
2222 4397 2231 4473 Ι
2273 4396 2792 4475 praestantissimo.

759 4496 931 4566 1246
998 4500 1269 4560 Naeratio
1317 4499 1532 4578 Scopio
1580 4518 1630 4557 v.
1685 4517 1735 4557 c.
1777 4496 1787 4578 Ι
1831 4492 2064 4582 [f]ilio⁴,
2124 4498 2418 4558 consulari
2459 4497 2468 4579 Ι
2510 4499 2911 4578 Campaniae⁵‚
2952 4498 2961 4581 Ι
3004 4499 3146 4560 Cur-

588 4602 708 4661 sius
754 4602 980 4661 Satrius
1018 4599 1028 4680 Ι
1069 4603 1328 4663 nutritor
1375 4602 1499 4662 eius
1536 4598 1546 4681 Ι
1588 4609 1842 4679 patrono
1891 4600 2088 4660 omnia
2128 4599 2138 4680 Ι
2180 4600 2700 4678 praestantissimo.

759 4699 953 4751 Romae
975 4702 1082 4763 (VI
1098 4703 1234 4753 4745.
1258 4702 1378 4752 4746
1400 4701 1533 4750 vidit
1557 4701 1805 4764 Henzen).
1825 4729 1890 4737 --
1920 4703 1968 4764 1)
1988 4701 2049 4750 A.
2069 4701 2189 4753 558.
2211 4728 2277 4737 —
2303 4703 2355 4764 2)
2374 4702 2436 4753 A.
2457 4701 2638 4767 552s3,
2662 4699 2731 4761 cli
2752 4717 2917 4767 supra
2945 4699 3009 4751 N.
3032 4699 3145 4752 751.

586 4812 652 4821 —
689 4787 740 4850 3)
764 4785 852 4834 Aa
885 4786 1011 4836 haec
1046 4787 1234 4836 balnea
1270 4790 1511 4850 spectant
1546 4786 1842 4850 complures
1879 4788 2025 4836 bases
2062 4787 2349 4851 inscriptae
2379 4784 2649 4837 Nacratius
2679 4784 2688 4852 Ι
2720 4785 2940 4837 Cerealis
2977 4800 3025 4838 V.
3051 4800 3094 4839 c-
3129 4781 3140 4854 Ι
