3432 5387
564 359 685 419 152
1699 355 1879 422 Caput
1911 352 1982 407 11.

733 530 862 602 665
929 533 1039 594 diis
1094 530 1435 594 auctoribus
1479 528 1548 590 ad
1595 528 1680 589 rei
1718 526 1990 609 publicae
2035 525 2478 606 amplificandae
2522 528 2766 607 gloriam
2812 541 3141 610 procreato

560 636 666 719 *pi
701 679 1125 698 .........
1130 636 1146 667 ¹
1193 642 1396 694 nostro
1427 631 1586 692 Iovio
1617 631 1871 691 maximo
1905 674 2554 690 ..............
2587 630 2711 690 *ti1
2760 631 3140 695 nobilissimo

564 739 794 801 Caesari
842 780 1251 797 .........
1285 734 1391 796 us²
1434 732 1472 771 ⁸
1514 753 1567 794 v.
1614 752 1666 795 c.
1712 734 1816 792 m.³
1859 736 2045 814 praef.
2091 741 2350 812 praetor.

733 839 978 889 Perinthi
989 856 1007 886 .·
1045 836 1325 900 descripsit
1361 834 1620 901 Cyriacus
1657 832 1798 897 (cod.
1840 834 1960 884 Vat.
1992 834 2157 897 5250,
2204 832 2346 883 unde
2380 832 2444 882 de
2475 830 2631 882 Rossi
2664 836 2826 885 inser.
2862 836 2979 888 chr.
3018 839 3078 902 2,
3115 837 3142 887 4

553 940 611 991 p.
635 924 779 989 369).
801 950 869 961 -
910 924 956 987 1)
991 919 1228 972 Nomina
1251 920 1493 985 Augusti
1528 922 1581 968 et
1606 917 1846 969 Caesaris
1882 920 2077 969 omissa
2110 922 2239 968 sunt
2271 934 2304 968 a
2344 916 2592 984 Cyriaco,
2627 933 2780 968 erasa
2813 922 2929 970 sine
2967 921 3144 972 dubio

565 1009 800 1075 (litterae
844 1008 1117 1058 asteriscis
1158 1008 1376 1056 notatae
1420 1018 1530 1054 non
1576 1008 1721 1053 recte
1764 1008 2017 1069 exceptae
2057 1020 2164 1053 esse
2198 1002 2495 1069 videnlur).
2573 1001 2783 1054 Titulus
2812 1008 3030 1069 positus
3064 1012 3148 1058 est

561 1097 659 1145 aut
681 1092 1024 1144 Diocletiano
1060 1094 1113 1141 et
1140 1089 1371 1151 Galerio,
1408 1092 1506 1139 aut
1532 1086 1747 1139 Galerio
1777 1094 1829 1140 el
1853 1089 2150 1140 Maoeimino
2179 1086 2274 1153 (cll
2299 1085 2366 1139 N.
2389 1089 2534 1154 658),
2570 1092 2665 1138 aut
2687 1087 2901 1140 Licinio
2936 1095 2995 1141 et
3019 1090 3144 1154 filio

565 1178 656 1244 (de
694 1177 917 1229 Valente
950 1176 1156 1228 Licinii
1181 1191 1286 1241 per
1321 1176 1476 1224 breve
1510 1176 1713 1240 tempus
1749 1174 1955 1239 collega
1988 1189 2098 1224 non
2133 1172 2527 1239 cogitaverim).
2562 1201 2632 1211 -
2667 1175 2718 1236 2)
2757 1175 3024 1226 Omissum
3063 1180 3146 1227 est

562 1280 596 1315 a
648 1262 874 1330 Cyriaco
921 1266 1083 1313 etiam
1126 1276 1318 1312 nomen
1365 1262 1480 1309 eius
1524 1262 1619 1325 qui
1663 1261 1883 1312 titulum
1927 1259 2198 1310 dedicavit
2232 1256 2507 1324 praefecti
2548 1260 2850 1324 praetorio,
2900 1259 3147 1320 fortasse

563 1353 616 1399 et
649 1350 825 1413 ipsum
859 1363 1090 1399 erasum.
1111 1375 1182 1386 ——
1206 1349 1257 1411 3)
1279 1346 1534 1397 Fortasse
1566 1360 1670 1396 scr.
1704 1360 1754 1396 v.
1791 1359 1889 1395 em.
1917 1343 2157 1409 (Roscius
2190 1347 2373 1393 tuetur
2406 1359 2544 1409 quae
2579 1343 2781 1394 tradita
2817 1349 2944 1394 sunt
2983 1361 3143 1410 uem„

557 1438 761 1499 putans
794 1431 1104 1497 significari
1137 1433 1315 1481 virum
1352 1430 1682 1481 clarissimae
1729 1433 2043 1492 memoriae,
2090 1434 2155 1480 ut
2189 1430 2376 1480 titulus
2406 1431 2617 1494 positus
2648 1432 2720 1479 sit
2746 1433 2871 1494 post
2906 1435 3142 1482 mortem

563 1517 902 1584 dedicantis).

736 1736 866 1807 666
934 1739 1176 1800 domino
1220 1738 1375 1820 patri
1409 1734 1416 1820 Ι
1449 1738 1526 1799 Μ.
1575 1738 1696 1798 Val.
1743 1738 2036 1799 Maxentio
2080 1735 2088 1817 Ι
2126 1738 2252 1799 viro
2296 1736 2511 1811 claris„
2538 1736 2547 1819 Ι
2574 1736 2697 1797 Val.
2746 1737 3039 1801 Romulus
3084 1759 3139 1801 c.

563 1862 645 1923 p.‚
685 1839 695 1926 Ι
734 1861 845 1924 pro
892 1859 1091 1903 amore
1131 1839 1139 1922 Ι
1181 1840 1435 1901 caritatis
1478 1840 1625 1914 eim,
1665 1836 1676 1920 Ι
1716 1841 1871 1920 patri
1914 1840 2362 1921 benignissimo·

732 1941 860 2012 667
924 1944 1199 2005 dominae
1243 1942 1414 2003 matri
1455 1938 1465 2022 Ι
1504 1942 1625 2002 Val.
1672 1941 2017 2004 Maximillae
2055 1942 2064 2026 Ι
2107 1943 2246 2004 nob.
2303 1943 2473 2014 sem.‚
2524 1939 2534 2023 Ι
2576 1940 2696 2001 Val.
2743 1941 3038 2006 Romulus
3086 1963 3138 2005 c.

564 2067 646 2127 p.‚
687 2044 698 2128 1
737 2065 848 2127 pro
895 2044 1093 2106 amore
1134 2040 1142 2125 Ι
1182 2044 1529 2106 adfectionis
1574 2045 1720 2117 eius,
1762 2042 1770 2125 Ι
1810 2045 1983 2105 matri
2029 2045 2378 2106 carissimae.

738 2146 800 2196 In
836 2160 970 2210 agro
1009 2144 1245 2195 Romano
1283 2143 1354 2194 ad
1388 2146 1531 2194 viam
1566 2144 1928 2207 Labicanum,
1977 2144 2209 2195 millibus
2254 2144 2372 2206 fere
2405 2142 2537 2196 XVI
2568 2145 2632 2194 ab
2667 2146 2799 2194 urbe
2832 2159 2945 2211 rep.
2983 2145 3141 2210 (XIV

562 2232 723 2283 2825.
756 2230 937 2296 2826).
983 2256 1051 2264 -
1105 2227 1277 2279 Tituli
1316 2230 1483 2294 positi
1524 2229 1805 2280 Maxentio
1848 2230 2084 2280 nondum
2132 2231 2448 2294 imperatori
2497 2226 2583 2292 (id
2628 2232 2707 2277 est
2745 2232 2870 2279 ante
2902 2246 3139 2282 mensem

569 2316 682 2367 Oct.
714 2316 841 2381 506)
879 2320 931 2365 et
966 2317 1134 2364 uxori
1168 2317 1283 2364 eius
1318 2314 1572 2365 Valeriae
1603 2313 1942 2365 Maximillae
1975 2329 2008 2363 a
2046 2312 2264 2365 Valerio
2300 2312 2524 2365 Romulo
2572 2311 2705 2374 filio.
2777 2313 2930 2365 Hanc
2963 2313 3138 2375 fuisse

564 2401 738 2462 filiam
775 2399 979 2451 Galerii
1012 2399 1138 2450 inde
1174 2399 1453 2464 colligitur
1491 2399 1636 2465 quod
1667 2398 1981 2450 Maxentius
2026 2414 2425 2465 nonnumquam
2475 2398 2678 2449 dicitur
2719 2396 2927 2449 Galerii
2962 2417 3139 2465 gener

569 2485 658 2551 (de
700 2489 857 2537 mort.
902 2498 1100 2549 persec.
1151 2499 1193 2535 c.
1229 2482 1296 2534 48
1341 2482 1411 2544 cs:
1463 2500 1505 2536 c.
1540 2485 1638 2546 26,-
1681 2499 1841 2538 anon.
1895 2482 2068 2534 Vales.
2103 2484 2157 2547 5,
2191 2483 2254 2546 7,·
2295 2483 2448 2545 infra
2494 2482 2562 2536 N.
2596 2483 2752 2551 671),·
2801 2485 3137 2537 nobilissima

566 2568 771 2631 femina
808 2570 1009 2621 dicitur
1044 2570 1132 2620 llic
1165 2574 1353 2635 utpote
1387 2569 1505 2630 filia
1539 2571 1899 2635 imperatoris.
1973 2567 2307 2630 Maxentius,
2356 2568 2507 2630 filius
2541 2574 2594 2619 et
2627 2570 2740 2633 ipse
2774 2572 3135 2633 imperatoris,

567 2654 929 2708 nobilissimus
963 2656 1050 2705 vir
1083 2653 1315 2716 fortasse
1336 2654 1456 2706 ideo
1481 2654 1595 2706 dici
1616 2654 1808 2720 noluit,
1844 2651 1989 2720 quod
2019 2656 2175 2719 pater
2202 2656 2453 2721 privatus
2488 2653 2668 2715 sactus
2702 2659 2824 2705 erat
2849 2653 3139 2722 (Borghesi

564 2742 620 2805 3,
651 2741 807 2808 451),·
841 2745 905 2791 ut
940 2740 1131 2790 titulm
1159 2742 1371 2805 positus
1404 2743 1480 2790 sit
1512 2755 1656 2791 anno
1691 2741 1795 2792 505
1830 2740 1914 2790 vel
1944 2739 2060 2791 506.

737 2875 867 2945 668
929 2873 1213 2963 d[o]mino
1242 2873 1510 2963 [no]s}tro
1528 2881 1544 2912 ²
1569 2874 1883 2963 Maxlentio
1909 2872 2191 2957 Au1gusto
2226 2873 2626 2959 nolbilissimlo
2656 2877 2799 2951 viro,
2828 2876 3137 2960 {consum

738 2979 803 3030 In
837 2977 1122 3043 Numidia,
1169 2977 1287 3029 loco
1338 2978 1479 3029 dicto
1517 2978 1745 3030 Kherbet
1783 2977 1931 3043 Taga
1973 2976 2057 3027 vel
2088 2979 2198 3027 Ain
2239 2975 2387 3042 Toga
2425 2976 2582 3041 (VIII
2614 2978 2782 3029 40582
2825 2980 2964 3030 vidit
3006 2979 3137 3031 Wl-

566 3064 800 3130 manns).
824 3092 892 3100 —
920 3066 968 3128 1)
1004 3059 1306 3133 dminosltro
1343 3064 1497 3129 lapis.
1525 3092 1596 3102 —
1622 3064 1673 3128 2)
1703 3063 1941 3115 Testibus
1976 3062 2236 3113 laterculo
2268 3059 2669 3128 praefectorum
2703 3065 2854 3114 urbis
2890 3069 2943 3114 et
2973 3062 3136 3126 fastis

571 3149 836 3199 Idatianis
870 3147 1180 3198 Maxentius
1227 3149 1415 3200 consul
1455 3151 1719 3214 processit
1752 3150 1993 3214 primum
2028 3165 2077 3199 a.
2110 3150 2214 3199 308
2250 3163 2369 3198 eum
2402 3147 2656 3213 Romulo,
2699 3150 2899 3198 iterum
2946 3167 2995 3202 a.
3032 3153 3133 3203 509

569 3249 690 3283 cum
725 3232 950 3284 Romulo
986 3235 1201 3296 iterum,
1235 3236 1456 3283 tertium
1494 3250 1544 3285 a.
1579 3234 1679 3286 510
1712 3234 1874 3297 solus,
1909 3239 2160 3298 quartum
2195 3249 2245 3283 a.
2280 3233 2402 3284 312.

739 3367 865 3437 669
931 3371 1071 3448 imp.
1106 3369 1267 3432 Caes.
1301 3370 1377 3430 M.
1409 3371 1552 3431 Aur.
1587 3370 1706 3430 Val.
1738 3372 1747 3450 l
1773 3370 2067 3431 Maxentio
2100 3390 2158 3451 p.
2192 3371 2287 3431 fel.
2317 3368 2324 3451 Ι
2352 3370 2568 3431 invicto
2592 3370 2741 3448 Aug.
2771 3367 2780 3450 Ι
2826 3371 2903 3430 Μ.
2929 3390 2987 3450 p.
3010 3369 3130 3429 XI.¹

741 3470 911 3535 Prope
936 3469 1205 3521 Veronam
1241 3474 1300 3521 in
1336 3474 1452 3521 vico
1489 3470 1799 3534 Colognola,
1835 3485 1978 3520 nunc
2003 3470 2263 3531 Veronae,
2300 3471 2546 3522 columna
2580 3470 2822 3520 miliaria
2862 3470 2939 3535 (V
2957 3470 3131 3537 8015).

572 3557 634 3606 In
680 3555 861 3606 eodem
913 3555 1090 3620 lapide
1133 3560 1288 3605 extat
1334 3556 1525 3607 titulus
1567 3555 1744 3622 Crispi
1777 3555 1980 3606 Licinii
2018 3555 2355 3606 Constantini
2392 3555 2675 3606 Caesarum
2721 3552 2875 3613 infra
2923 3553 2991 3605 N.
3028 3555 3134 3606 744.

573 3639 835 3691 Similiter
869 3643 1119 3706 inscripti
1157 3645 1284 3690 sunt
1318 3640 1524 3707 lapides
1560 3641 1609 3694 V
1624 3644 1770 3692 8000.
1804 3640 1948 3691 8047.
1983 3642 2134 3693 8039.
2169 3642 2323 3693 8052.
2355 3641 2505 3690 8054.
2537 3641 2672 3690 8055
2706 3642 2911 3704 reperti
2947 3639 3049 3689 alii
3086 3644 3135 3689 et

567 3726 675 3790 ipsi
702 3740 872 3790 prope
911 3725 1194 3788 Veronam,
1230 3725 1331 3775 alii
1365 3729 1425 3776 in
1461 3725 1598 3776 valle
1631 3728 1910 3791 superiore
1944 3728 2168 3787 Athesis,
2204 3741 2344 3776 unus
2374 3739 2544 3789 prope
2583 3724 2935 3790 Opitergium,
2978 3724 3135 3775 docu-

569 3813 849 3874 mentoque
882 3814 1009 3859 sunt
1042 3811 1140 3860 has
1170 3816 1354 3876 partes
1388 3809 1559 3871 fuisse
1585 3827 1689 3876 per
1724 3811 1945 3875 aliquod
1982 3816 2183 3876 tempus
2216 3813 2313 3860 sub
2348 3811 2643 3864 Maoeentio.
2682 3840 2745 3848 —
2776 3813 2825 3874 1)
2864 3810 3139 3864 Undecima*

571 3893 721 3943 milia
754 3909 981 3958 pasuum
1017 3897 1167 3945 vicus
1204 3894 1496 3960 Colognola
1534 3895 1703 3945 distat
1740 3911 1772 3944 a
1812 3894 2043 3947 Verona.

740 4027 872 4096 670
933 4032 1075 4111 imp.
1144 4032 1304 4093 Caes.
1358 4031 1366 4115 Ι
1417 4033 1493 4092 Μ.
1552 4033 1749 4094 Aurei.
1800 4032 1919 4091 Val.
1961 4027 1970 4114 Ι
2011 4033 2338 4093 Maxentius
2394 4051 2451 4111 p.
2500 4033 2538 4091 f.
2580 4031 2590 4110 Ι
2629 4032 2882 4094 invictus
2927 3994 3135 4114 ΑΗΒ-,ἶ

570 4151 629 4213 p.
675 4150 776 4206 m.‚
823 4133 917 4194 tri.
965 4144 1107 4212 pot„
1149 4131 1157 4214 Ι
1198 4153 1319 4195 cos.
1367 4133 1472 4208 11¹,
1519 4154 1576 4214 p.
1625 4153 1703 4213 p.‚
1756 4153 2012 4213 procos,
2054 4134 2062 4211 Ι
2104 4134 2247 4194 viam
2295 4134 2680 4196 Herculeam2
2717 4130 2726 4214 Ι
2767 4130 2890 4219 [a]d
2936 4136 3139 4215 pristi-

571 4253 706 4297 nam
746 4233 757 4315 Ι
799 4229 1065 4319 [fJaciem
1110 4236 1383 4297 restituit.

742 4336 915 4400 Prope
963 4336 1249 4387 Venusiam
1296 4351 1405 4400 rep.
1455 4335 1700 4385 columna
1749 4335 1853 4399 (IX
1881 4339 2007 4390 6066
2041 4360 2107 4380 =
2144 4336 2195 4388 X
2223 4336 2408 4402 6974),·
2446 4336 2662 4400 gemelli
2708 4338 2867 4386 huius
2914 4335 3141 4396 fuerunt

572 4419 775 4486 lapides
812 4419 890 4471 IX
907 4423 1050 4472 6059.
1077 4421 1201 4470 6067
1225 4443 1290 4462 ===
1316 4419 1368 4470 X
1385 4422 1524 4471 6964.
1549 4421 1696 4473 6972.
1736 4449 1799 4458 -
1844 4424 1890 4485 1)
1924 4422 1990 4473 A.
2025 4425 2126 4475 309
2165 4419 2261 4485 (cs.
2297 4420 2363 4472 Ν.
2398 4423 2495 4472 668
2529 4427 2637 4472 not.
2669 4422 2748 4486 2).
2819 4422 2882 4471 In
2924 4438 3035 4473 uno
3070 4439 3138 4472 eoe

568 4521 736 4571 supra
782 4508 1088 4557 memoratis
1133 4504 1400 4570 lapidibus
1451 4505 1661 4570 (Wr‘lm.
1697 4505 1846 4571 4067)
1893 4523 1994 4572 pro
2045 4508 2121 4558 tri.
2168 4511 2277 4573 pot.
2316 4520 2420 4556 cos.
2457 4505 2495 4557 11
2542 4507 2783 4556 traditur
2815 4503 2988 4564 luisse
3027 4507 3138 4558 trib.

572 4595 828 4657 potestate
857 4590 936 4655 Vl,
974 4606 1159 4641 errore
1196 4589 1544 4656 descriptoris
1577 4593 1696 4640 sine
1731 4592 1908 4644 dubio.
1947 4621 2008 4629 —
2050 4594 2099 4654 2)
2134 4592 2215 4640 De
2251 4592 2351 4641 hac
2386 4593 2501 4653 via,
2549 4606 2685 4656 quae
2730 4606 2921 4641 nomen
2967 4594 3142 4642 traxit

573 4691 606 4725 a
645 4673 982 4725 Maximiano
1019 4675 1287 4739 Herculio,
1324 4673 1394 4735 cll
1433 4674 1716 4725 Mommsen
1758 4676 1810 4730 C.
1848 4674 1925 4726 IX
1954 4692 2006 4739 p.
2031 4677 2143 4726 599.
