3432 5387
561 406 682 468 160
1713 406 1894 475 Caput
1926 405 1997 459 11.

727 579 889 642 Fani,
926 582 984 630 in
1021 580 1201 631 eodem
1236 594 1372 631 arcu
1406 582 1468 629 in
1503 595 1607 645 quo
1632 576 1702 631 N.
1727 579 1821 631 104
1846 578 2028 645 (Grut.
2052 579 2165 644 165,
2189 580 2258 642 2,·
2292 579 2556 642 Borghesi
2589 593 2710 644 opp.
2732 579 2771 631 5
2786 595 2845 645 p.
2869 579 3138 646 439seq.).

558 692 626 701 —
655 665 704 728 1)
739 663 886 714 Idem
913 661 974 717 L.
1006 665 1233 716 Tur-cius
1257 663 1531 716 Secundus
1566 664 1812 715 Asterius
1847 669 2123 716 corrector
2152 664 2461 715 Flaminiae
2494 667 2549 713 et
2582 664 2765 715 Piceni
2798 668 3140 715 memoratur

557 747 711 810 infra
746 748 815 801 Ν.
837 751 954 802 729.
1031 748 1267 800 Titulum
1312 751 1362 800 ei
1389 751 1626 815 positum
1675 750 1741 799 ab
1777 749 2136 800 Amiterninis
2169 749 2415 800 dabimus
2448 745 2602 809 infra
2636 750 2782 799 inter
2813 752 3138 800 senatorios.

559 834 723 884 Pater
756 836 871 884 eius
894 835 1244 900 Apronianus
1277 832 1584 900 praefectus
1618 836 1746 885 urbi
1778 833 1893 895 fuit
1922 851 1972 888 a.
1995 836 2103 889 559
2129 834 2442 900 (chronogr.
2466 850 2517 885 a.
2540 834 2688 900 534),
2722 834 2867 884 unde
2902 839 3144 900 apparet

558 920 697 969 hanc
733 924 874 969 certe
904 923 1115 985 partem
1151 920 1300 970 tituli
1332 935 1444 970 non
1480 935 1588 970 esse
1622 921 1855 970 incisum
1889 924 2018 971 ante
2052 936 2102 972 a.
2127 922 2250 974 559.
2306 920 2550 971 Priorem
2578 923 2794 985 partem
2818 921 2972 970 tituli
2993 919 3134 971 Bor-

553 1005 774 1068 ghesius
816 1003 851 1059 l.
878 1020 921 1057 c.
958 1006 1188 1055 coniecit
1218 1007 1450 1055 incisum
1486 1021 1593 1055 esse
1627 1021 1737 1056 non
1773 1006 1999 1056 multum
2031 1011 2155 1072 post
2185 1010 2410 1057 mortem
2446 1003 2787 1056 Constantini
2817 1004 2893 1070 (d.
2917 1006 2993 1057 22
3017 1005 3143 1056 Mai

555 1088 705 1155 557),
742 1093 1028 1154 antequam
1061 1089 1169 1152 filii
1206 1088 1547 1140 Constantini
1580 1091 1821 1155 Augusti
1855 1091 2285 1157 appellarentur,
2326 1091 2388 1140 id
2420 1095 2500 1140 est
2533 1095 2658 1141 ante
2692 1090 2744 1142 d.
2779 1093 2814 1141 9
2848 1089 2993 1155 Sept.
3026 1091 3140 1143 557

561 1172 770 1240 (Idat.).

730 1326 860 1397 707
927 1330 1057 1392 divo
1115 1349 1183 1391 ac
1243 1331 1562 1393 venerabili
1613 1331 1624 1413 Ι
1676 1332 1935 1413 principi
1990 1331 2414 1406 constantim,
2467 1331 2669 1414 lpatri
2725 1331 3072 1411 principum
3122 1327 3134 1413 Ι

559 1432 969 1506 maximorum,
997 1430 1006 1516 Ι
1035 1432 1119 1494 Fl.
1155 1427 1546 1518 Creper[e]ius
1576 1434 1966 1496 Madalianus¹
1998 1454 2052 1495 v.
2084 1454 2157 1508 c.,
2197 1434 2206 1513 Ι
2245 1435 2431 1515 praef.
2469 1453 2610 1495 ann.
2644 1452 2780 1495 cum
2816 1435 2948 1495 iure
2979 1433 3136 1514 glad.

733 1530 929 1582 Romae
962 1549 1074 1599 rep.
1112 1534 1185 1584 ad
1217 1532 1449 1585 Tiberim
1484 1539 1609 1585 ante
1646 1536 1918 1586 ecclesiam
1955 1534 2010 1588 S.
2038 1534 2245 1585 Mariae
2278 1537 2337 1585 in
2376 1533 2670 1600 Cosmedin,
2705 1549 2850 1584 nunc
2883 1536 2944 1583 in
2980 1532 3139 1599 Capi·

560 1617 691 1668 tolio
730 1616 838 1682 (VI
858 1617 1028 1686 1151).
1057 1646 1114 1656 -
1136 1621 1195 1681 1)
1230 1619 1320 1670 Aa
1343 1619 1566 1670 eundem
1590 1618 1961 1670 Madalianum
1988 1635 2107 1670 cum
2142 1624 2330 1684 ageret
2369 1621 2507 1669 vices
2535 1616 2941 1685 praefectorum
2974 1635 3140 1686 prae-

560 1703 736 1767 torio,
782 1702 909 1753 data
956 1709 1032 1754 est
1076 1721 1126 1755 a.
1160 1705 1258 1757 541
1309 1705 1398 1755 10oe
1445 1704 1558 1756 cod.
1601 1704 1794 1756 Theod.
1832 1706 1909 1769 16,
1944 1706 2022 1765 10,
2057 1707 2124 1767 2,·
2173 1705 2404 1756 eiusdem
2452 1708 2530 1755 est
2576 1705 2768 1755 titulus
2804 1704 3133 1756 Calamensis

559 1784 713 1846 infra
751 1788 938 1840 editus.

733 1954 866 2027 7⁰8
929 1962 1205 2023 dominae
1239 1971 1474 2024 nostrae
1505 1962 1734 2024 Flaviae
1766 1965 2065 2041 Augustae
2092 1958 2100 2044 Ι
2130 1962 2407 2035 Helenae,
2442 1962 2554 2024 divi
2589 1961 2899 2024 Constanti
2928 1964 3135 2026 castis-

2345 2063 2729 2078 ......

562 2164 829 2240 Augusti,
874 2170 883 2244 Ι
924 2165 1082 2226 aviae
1112 2167 1492 2231 dominorum
1525 2175 1867 2228 nostrorum
1893 2166 2089 2265 Crispi
2120 2165 2129 2248 Ι
2170 2168 2258 2264 et¹
2293 2167 2668 2229 Constantini
2700 2175 2759 2228 et
2786 2166 3139 2229 Constanti²

562 2278 1051 2365 beatissilmorum
1084 2304 1152 2347 ac
1182 2286 1439 2348 felicium
1475 2284 1809 2362 Caesarum,
1849 2283 1858 2368 Ι
1899 2286 2169 2367 Alpinius
2200 2287 2449 2366 Magnus
2478 2307 2531 2348 v.
2564 2305 2616 2347 c.
2648 2304 2803 2349 corr.
2834 2287 3136 2348 Lucaniae

562 2391 624 2443 et
661 2380 670 2464 Ι
709 2383 1053 2447 Brittiorum
1101 2388 1322 2461 statuit,
1366 2388 1611 2450 devotus
1655 2384 2052 2471 excelleultiae
2097 2388 2419 2468 pietatique
2464 2389 2609 2450 eius.

736 2482 957 2536 Salerni
981 2486 1058 2553 (Χ
1072 2489 1213 2556 517).
1244 2515 1312 2527 -·
1349 2488 1695 2551 1)Voca1mla
1729 2493 1946 2554 punctis
1978 2492 2198 2553 signata
2234 2504 2404 2551 erasa,
2439 2488 2533 2539 sed
2567 2489 2837 2553 leg-untur.
2899 2489 3138 2540 Erasum

564 2571 742 2619 autem
779 2574 860 2620 est
890 2586 1082 2622 nomen
1118 2572 1295 2638 Crispi
1328 2578 1382 2623 et
1415 2575 1501 2624 liic
1537 2576 1591 2623 et
1625 2571 1780 2632 infra
1817 2572 1883 2627 Ν.
1908 2574 2002 2626 710
2033 2578 2156 2640 post
2192 2573 2404 2624 caedem
2437 2575 2570 2635 eius,
2608 2590 2658 2625 a.
2681 2575 2803 2627 526.
2829 2602 2895 2611 ——
2922 2577 2974 2637 2)
3003 2574 3135 2627 Con-

560 2656 794 2706 stantius
834 2655 1029 2709 Caesar
1062 2657 1246 2720 factus
1280 2663 1357 2709 est
1391 2659 1440 2711 d.
1475 2661 1510 2710 8
1545 2656 1680 2710 Nov.
1715 2659 1829 2712 525
1866 2659 2046 2727 (idat,
2085 2656 2155 2720 cll
2192 2658 2362 2712 Amm.
2399 2658 2567 2710 Marc.
2605 2659 2682 2724 14,
2702 2662 2755 2724 5,
2776 2660 2852 2727 1).
2925 2660 3139 2711 Positus

562 2741 741 2804 igitur
776 2743 967 2794 titulus
1000 2748 1144 2796 inter
1179 2761 1230 2797 a.
1264 2745 1520 2809 5251526.

733 2913 862 2982 ’709
928 2916 1204 2979 dominae
1249 2927 1489 2979 nostrae
1534 2918 1620 2979 Fl.
1669 2913 1824 3003 1u[l].
1866 2918 1876 2998 Ι
1916 2919 2175 2981 Helenae
2218 2920 2512 3001 piissimae
2560 2922 2730 3000 Aug„
2777 2915 2786 3002 Ι
2842 2921 3140 2998 genetrici

566 3016 622 3077 d.
669 3037 729 3078 n.
778 3014 1167 3102 Constanltini
1211 3020 1446 3081 maximi
1491 3021 1733 3082 victoris
1771 3019 1782 3102 Ι
1819 3021 2258 3085 clementissimi
2314 3039 2552 3102 semper
2588 3020 2597 3102 Ι
2638 3022 2920 3102 Augusti,
2977 3023 3142 3085 aviae

567 3116 958 3203 Constanltini
1004 3132 1064 3183 et
1108 3118 1430 3205 Constanlti
1476 3119 1971 3205 beatislsimorum
2016 3143 2084 3184 ac
2128 3119 2699 3206 florentislsimorum
2736 3123 3076 3200 Caesarum,
3128 3123 3140 3210 Ι

565 3220 749 3283 Iulius
793 3219 1221 3285 Maximilianus
1265 3243 1316 3283 v.
1365 3243 1440 3297 c.‚
1486 3243 1685 3286 comes
1723 3221 1733 3306 Ι
1773 3225 1973 3304 pietati
2020 3226 2146 3287 eius
2189 3243 2425 3305 semper
2468 3224 2930 3304 dicatis(simus).

737 3319 933 3371 Romae
968 3324 1025 3372 in
1062 3322 1283 3373 ecclesia
1309 3322 1363 3376 S.
1392 3323 1578 3375 Crucis
1610 3326 1671 3374 in
1696 3323 2046 3390 Hierusalem,
2083 3325 2228 3375 dicta
2252 3328 2413 3374 etiam
2439 3323 2663 3376 basilica
2689 3325 3024 3392 Sessoriana,
3058 3328 3141 3377 ibi

561 3420 731 3472 prope
766 3422 878 3471 rep.
906 3405 1013 3471 (VI
1033 3408 1206 3473 1154).
1230 3436 1296 3446 —-
1327 3407 1537 3459 Titulus
1564 3413 1777 3476 positus
1804 3413 1929 3475 post
1952 3409 2165 3460 caedem
2192 3409 2368 3475 Crispi
2399 3409 2474 3476 (a.
2499 3411 2649 3477 526),
2686 3414 2976 3476 antequam
3004 3411 3142 3463 Con·

563 3495 718 3542 stans
743 3490 938 3542 Caesar
961 3489 1144 3553 factus
1169 3497 1247 3542 est
1270 3493 1344 3559 (a.
1369 3495 1523 3562 555).
1551 3523 1614 3532 -
1640 3495 1843 3546 Eodem
1867 3492 1982 3555 fere
2009 3495 2123 3545 Ioco
2145 3494 2469 3561 prodierunt
2491 3497 2642 3546 tituli
2666 3496 2947 3547 cuiusdam
2970 3499 3144 3563 positi

566 3577 633 3626 ab
670 3578 791 3641 ipsa
829 3578 1042 3640 Helena,
1078 3583 1369 3645 spectantis
1404 3580 1478 3630 ad
1512 3582 1745 3631 thermas
1778 3581 1956 3630 nescio
1994 3596 2143 3645 quas,
2176 3580 2490 3646 fragmenta
2528 3581 2633 3647 (VI
2664 3581 2838 3649 1156),
2877 3583 2996 3633 loco
3030 3598 3144 3634 non

565 3662 646 3710 ita
671 3660 830 3726 longe
854 3662 1105 3728 distante,
1127 3679 1297 3730 prope
1321 3665 1598 3716 basilicam
1618 3665 2048 3727 Later-anensem,
2072 3665 2277 3731 prodiit
2300 3666 2441 3717 alter
2464 3665 2659 3716 titulus
2682 3666 2911 3717 Helenae
2925 3671 3144 3734 positus

568 3744 676 3811 (Vl
694 3745 886 3816 1155),·
920 3750 1063 3800 unde
1087 3751 1273 3817 colligi
1293 3755 1466 3817 potest
1486 3748 1656 3812 fuisse
1688 3753 1831 3801 hunc
1854 3749 2029 3800 locum
2052 3753 2193 3801 iuris
2217 3751 2460 3804 Helenae.
2521 3751 2587 3802 Id
2613 3752 2757 3817 quod
2787 3767 2900 3802 non
2933 3751 3142 3803 nullius

564 3836 822 3883 momenti
856 3839 934 3884 est
967 3836 1041 3887 ad
1074 3836 1461 3887 aestimandam
1494 3834 1653 3897 fidem
1688 3837 2023 3885 narrationis
2059 3835 2123 3885 de
2158 3836 2378 3887 ecclesia
2416 3836 2472 3888 S.
2502 3837 2689 3889 Crucis
2723 3853 2794 3887 ex
2836 3836 2982 3888 dono
3010 3837 3144 3889 Con-

565 3921 793 3969 stantini
826 3922 886 3970 in
918 3921 1128 3987 palatio
1173 3921 1488 3972 Sessoriano
1523 3920 1813 3981 aedificata
1851 3918 1968 3985 (lib.
2000 3920 2217 3987 pontifi,
2253 3923 2346 3974 vit.
2378 3921 2617 3974 Silvestr.
2640 3923 2731 3986 22,
2753 3923 2813 3973 41
2852 3937 2977 3973 oum
3014 3927 3143 3974 nota

565 4004 905 4072 Ducbesnii).

1987 4260 2214 4273 ......

567 4418 810 4480 stantini
852 4418 861 4497 Ι
902 4345 1222 4481 Constanti
1256 4413 1782 4501 baealtissimorum
1816 4384 2454 4504 [Caesarum,1re]sp.
2502 4413 2954 4504 S[urrenti.n]or

742 4518 998 4569 Surrenti
1036 4519 1112 4585 (X
1139 4519 1237 4571 678
1272 4516 1342 4580 cf.
1371 4535 1430 4584 p.
1465 4518 1635 4585 1006).
1669 4546 1739 4557 -
1782 4521 1827 4582 1)
1864 4515 2084 4570 Faustae
2118 4523 2172 4568 et
2204 4521 2347 4570 uxori
2386 4519 2649 4570 vocabula
2699 4535 2883 4579 erasa,
2930 4520 3031 4570 sed
3072 4521 3143 4571 le-

563 4606 790 4668 guntur.
841 4631 901 4642 —
942 4607 993 4668 2)
1029 4602 1304 4656 Nouercae
1337 4605 1679 4666 vocabulum,
1732 4603 1878 4669 quod
1909 4606 1969 4654 in
2007 4604 2185 4671 lapide
2219 4603 2390 4664 fuisse
2426 4607 2727 4654 coniecerat
2759 4603 2890 4665 Mo„
2934 4608 3142 4670 postea,

570 4690 812 4753 quamvis
844 4704 1072 4751 erasum,
1102 4705 1276 4754 paene
1310 4693 1484 4740 totum
1521 4694 1863 4754 agnoverunt
1893 4690 1961 4741 F.
1998 4689 2061 4740 de
2087 4690 2249 4739 Dulin
2286 4692 2335 4738 et
2369 4690 2482 4754 ipse
2510 4687 2814 4741 Mommsen.
2888 4689 3142 4741 Constan-

571 4775 743 4824 tinum
780 4778 833 4823 et
869 4773 1243 4825 Constantium
1282 4774 1633 4826 Constantino
1661 4774 1862 4839 Magno
1898 4779 2055 4825 natos
2087 4771 2255 4835 fuisse
2290 4791 2359 4825 ea:
2390 4775 2503 4825 alia
2538 4790 2712 4824 uxore
2746 4777 2908 4840 atque
2931 4774 3141 4826 Fausta
