3432 5387
524 352 604 410 88
1670 350 1848 421 Caput
1883 350 1957 403 11.

696 521 893 573 Romae
923 525 982 572 in
1005 521 1275 571 mausoleo
1303 521 1598 583 Hadriani,
1638 522 1905 585 descripta
1941 522 2217 585 reperitur
2250 522 2309 569 in
2346 524 2518 569 vetere
2551 519 2731 569 codice
2755 519 3135 585 Remedia-nsi,

526 607 592 658 de
629 622 735 673 quo
769 623 936 673 supra
968 622 1023 672 p.
1060 607 1132 658 28
1166 610 1294 666 ποι,
1342 611 1395 655 et
1434 606 1610 656 denuo
1643 621 1780 657 saec.
1817 605 1955 657 XIV
1978 608 2030 654 et
2062 603 2176 665 XV,
2228 620 2333 670 quo
2369 609 2596 655 exeunte
2631 607 2855 670 periisse
2890 604 3135 654 videtur

527 692 638 757 (Vl
663 693 804 759 986).
878 692 929 744 V
931 709 976 744 v.
1017 692 1334 742 divisionem
1369 691 1579 741 videtur
1609 706 1848 741 servasse
1883 689 2158 757 Cyriacus.
2195 717 2261 727 -
2299 690 2395 741 Est
2430 690 2621 740 titulus
2652 689 2969 755 sepulcralis
3007 692 3132 740 im·

521 780 800 843 peratoris
834 778 1102 828 Antonini
1136 777 1277 842 Aug.
1314 778 1415 837 Pii,
1453 791 1632 826 omnes
1670 777 1897 826 honores
1933 777 1984 824 ei
2019 776 2226 825 habitos
2259 790 2549 826 recensens.

692 910 820 981 347
889 913 1020 974 divo
1067 914 1374 975 Antonino
1421 913 1570 992 Aug.
1618 913 1721 973 Pio
1761 910 1771 994 Ι
1811 913 2151 974 Antoninus
2187 913 2488 991 Augustus
2532 920 2592 971 et
2631 911 2641 992 Ι
2682 912 2867 973 Verus
2898 914 3130 991 Augu-

526 1026 656 1079 stus
699 1016 821 1076 filii.

697 1115 894 1167 Romae
929 1118 988 1166 in
1026 1116 1143 1165 basi
1179 1115 1490 1176 columnae,
1539 1120 1807 1166 exornata
1856 1130 2013 1180 opere
2048 1114 2361 1180 anaglypho
2397 1114 2471 1163 ad
2503 1116 2960 1164 consecrationem
2997 1116 3131 1164 An—

527 1203 708 1252 tonini
738 1202 1061 1268 pertinente,
1096 1216 1206 1265 rep.
1245 1203 1302 1249 in
1329 1215 1514 1265 campo
1542 1199 1760 1261 Martio,
1798 1204 1877 1249 est
1910 1202 1970 1249 in
2005 1200 2180 1249 hortis
2215 1197 2500 1249 Vaticanis
2537 1196 2645 1262 (VI
2663 1196 2819 1259 1001&
2857 1199 3135 1249 Huebner

526 1304 611 1337 etr.
647 1302 751 1338 scr.
789 1302 869 1351 ep.
904 1285 1047 1351 296).

697 1403 831 1474 348
897 1405 1029 1466 divo
1077 1404 1384 1466 Antonino
1432 1406 1521 1466 et¹
1562 1402 1573 1485 Ι
1613 1405 1781 1465 divae
1828 1404 2143 1464 Faustinae
2188 1422 2259 1463 ex
2304 1422 2351 1464 s.
2399 1422 2450 1463 e.

701 1508 764 1557 In
800 1504 926 1567 foro
954 1504 1192 1555 Romano
1227 1507 1286 1555 in
1323 1504 1572 1573 epistylio
1610 1504 1761 1556 aedis
1782 1506 2052 1555 Antonini
2087 1507 2138 1553 et
2156 1503 2455 1554 Faustinae
2492 1502 2698 1569 (postea
2734 1507 2793 1553 in
2829 1504 3125 1555 ecclesiam

528 1592 584 1643 S.
628 1592 917 1643 Laurentii
954 1590 1295 1656 conversae),
1339 1590 1534 1641 litteris
1566 1592 1821 1641 maximis
1869 1589 1976 1651 (VI
2006 1591 2169 1651 1005;
2205 1589 2451 1638 Huebner
2485 1604 2567 1638 eat.
2603 1604 2705 1639 scr.
2743 1605 2822 1654 ep.
2857 1591 3008 1657 295).
3043 1620 3120 1628 —

535 1678 584 1741 1)
611 1677 752 1726 Haec
775 1676 1031 1726 videntur
1051 1678 1237 1740 postea
1262 1675 1450 1726 addita
1477 1693 1604 1740 esse,
1640 1690 1761 1725 cum
1798 1680 1957 1725 antea
1985 1674 2140 1724 aedes
2174 1672 2276 1725 soli
2299 1671 2598 1722 Faustinae
2622 1673 2867 1724 dedicata
2894 1672 3123 1735 fuisset.

692 1775 821 1880 349
886 1813 1051 1873 divae
1099 1808 1470 1897 Faustin[a]e
1518 1775 1822 1892 Augustae
1867 1812 2007 1890 imp.
2056 1809 2316 1871 Caesaris
2362 1809 2428 1869 T.
2461 1810 2608 1871 Aelii
2655 1810 2936 1874 Hadriani
2983 1817 3119 1875 An-

534 1915 728 1977 tonini
774 1917 923 1994 Aug.
971 1914 1057 1975 Pii
1103 1916 1314 1994 pontis.
1362 1916 1615 1988 maximi,
1664 1915 1800 1975 trib.
1847 1923 1970 1994 pot.
2020 1911 2179 1984 1111¹‚
2227 1930 2346 1973 cos.
2396 1912 2496 1984 111,
2542 1932 2601 1992 p.
2649 1932 2707 1992 p.

703 2012 899 2064 Romae
934 2016 994 2064 in
1027 2016 1296 2065 mausoleo
1335 2016 1624 2077 Hadriani,
1679 2014 1787 2081 (VI
1825 2016 1923 2065 987
1962 2014 2199 2062 servavit
2233 2016 2381 2062 vetus
2416 2012 2586 2063 codex
2621 2013 3003 2078 Einsidlensis‚
3043 2017 3116 2067 de

533 2116 637 2165 quo
660 2114 827 2164 supra
849 2114 901 2164 p.
927 2099 997 2149 28
1022 2104 1127 2149 not.
1125 2100 1178 2166 ).
1233 2099 1330 2149 Est
1364 2102 1555 2151 titulus
1588 2100 1909 2166 sepulcralis
1932 2097 2234 2148 Faustinae
2257 2097 2497 2145 maioris.
2523 2125 2588 2133 —
2617 2099 2665 2159 1)
2689 2100 2816 2151 Dec.
2844 2100 3019 2167 1401'15
3055 2108 3113 2151 et

533 2188 612 2235 ait
647 2184 974 2247 biographus
999 2182 1087 2231 Pii
1120 2198 1162 2233 c.
1187 2185 1219 2234 6
1257 2186 1412 2235 tertio
1448 2201 1590 2236 anno
1626 2187 1844 2251 imperii
1878 2185 1965 2233 sui
2000 2181 2126 2246 (lul.
2166 2180 2393 2248 molisii)
2432 2181 2752 2233 Faustinam
2789 2201 3017 2237 uxorem
3056 2189 3115 2236 ei

532 2273 769 2334 ereptam
805 2284 926 2317 esse.

701 2386 830 2456 350
897 2388 972 2448 Μ.
1020 2387 1295 2450 Aurelius
1340 2390 1560 2455 Fulvus
1603 2398 1964 2469 Antoninus
2012 2400 2166 2462 [ilius
2212 2401 2353 2478 imp.
2393 2393 2655 2456 Caesaris
2701 2393 2769 2453 T.
2801 2395 2948 2456 Aelii
2986 2394 3111 2455 Ha·

533 2491 724 2552 driani
769 2489 1057 2550 Antonini
1104 2491 1250 2569 Aug.
1299 2492 1385 2553 Pii
1432 2513 1489 2573 p.
1538 2516 1595 2575 p.

701 2590 825 2660 351
896 2593 971 2653 M.
1027 2592 1293 2655 Galerius
1336 2595 1608 2658 Aurelius
1662 2599 2024 2675 Antoninus,
2087 2603 2241 2665 filius
2298 2601 2439 2681 imp.
2487 2600 2750 2661 Caesaris
2795 2599 2910 2660 Titi
2956 2600 3106 2661 Aelii

534 2695 813 2757 Hadriani
857 2696 1144 2756 Antonini
1189 2698 1336 2777 Aug.
1384 2698 1469 2759 Pii
1517 2719 1575 2779 p.
1623 2721 1680 2781 p.

701 2795 899 2847 Romae
955 2799 1013 2847 in
1070 2797 1340 2848 mausoleo
1388 2799 1660 2851 Hadriani
1707 2803 1811 2866 (Vl
1844 2806 1961 2855 988.
1994 2806 2117 2866 989,
2178 2806 2414 2856 servavit
2474 2806 2623 2852 uetus
2671 2802 2842 2853 codex
2890 2802 3112 2854 Einsid-

532 2880 733 2947 lensis).
812 2880 982 2931 Tituli
1026 2882 1350 2946 sepulcrales
1397 2883 1630 2936 duorum
1672 2886 1913 2949 filiorum
1956 2891 2225 2940 Antonini
2272 2890 2385 2949 Pii,
2437 2901 2666 2953 quorum
2713 2890 2909 2938 mentio
2955 2891 3114 2938 extat

532 2968 696 3014 etiam
731 2967 790 3014 in
825 2967 935 3016 vita
973 2967 1061 3017 Pii
1096 2983 1139 3018 c.
1165 2968 1212 3029 4,
1250 2968 1474 3018 alterius
1508 2974 1770 3023 memoria
1799 2978 2080 3038 praeterea
2118 2978 2177 3024 in
2212 2989 2428 3024 nummo
2465 2975 2641 3022 neseio
2681 2974 2835 3022 cuius
2869 2975 3114 3023 civitatis

538 3049 789 3146 Graecan
822 3048 1051 3114 (Ecltlzel
1093 3052 1141 3113 7,
1177 3054 1277 3115 42,·
1326 3053 1502 3105 Cohen
1550 3056 1629 3109 ed.
1665 3057 1702 3106 2
1741 3057 1798 3107 ΙΙ
1827 3059 1950 3123 445)
1999 3062 2259 3124 inscripto
2309 3060 2387 3112 M.
2424 3055 2704 3125 Γαλέριος
2751 3047 3115 3121 Ἀντωνεῖνος

535 3152 970 3204 αυτοκρατορος
1009 3127 1377 3192 Ἀντωνείνου
1411 3134 1547 3203 υἳός.

704 3252 835 3321 352
897 3256 1130 3317 Aurelia
1181 3259 1446 3335 Fadilla¹‚
1494 3262 1608 3323 filia
1656 3264 1795 3344 imp.
1845 3263 2107 3326 Caesaris
2153 3265 2266 3326 Titi
2317 3265 2461 3326 Aelii
2496 3265 2775 3326 Hadriani
2815 3266 3108 3326 Antonini

533 3356 782 3435 Augusti
831 3357 915 3418 Pii
958 3377 1018 3437 p.
1066 3379 1123 3439 p.

705 3455 901 3507 Romae
949 3461 1008 3508 in
1054 3460 1323 3512 mausoleo
1373 3463 1642 3515 Hadriani
1692 3465 1796 3531 (Vl
1827 3468 1954 3531 990,
2006 3470 2241 3518 servavit
2295 3471 2442 3517 vetus
2492 3467 2662 3516 codex
2704 3466 3112 3532 Einsidlensis).

532 3568 597 3579 —
629 3544 676 3604 1)
702 3541 852 3592 Filia
887 3546 1064 3594 maior
1086 3546 1352 3596 Antonini
1372 3549 1477 3613 Pii,
1512 3564 1659 3600 umor
1681 3549 1901 3601 Lamiae
1927 3551 2106 3602 Silani
2140 3552 2223 3602 vel
2247 3556 2436 3618 potius
2472 3551 2687 3603 Silvani
2723 3551 2842 3616 (vit.
2879 3552 3004 3601 Ant.
3033 3551 3109 3616 Ι),

531 3631 745 3760 'gozam
790 3631 1157 3762 antelaannum
1194 3631 1297 3684 438
1344 3632 1461 3698 (vit.
1495 3633 1585 3700 3),
1631 3634 1726 3684 sed
1751 3641 1968 3700 postea,
2019 3641 2082 3686 ut
2126 3653 2194 3686 ea:
2242 3639 2341 3688 hoc
2389 3637 2548 3688 titulo
2597 3641 2849 3703 apparet,
2899 3636 3109 3686 tumulo

582 3727 613 3760 a
654 3713 802 3760 riani
836 3715 890 3762 in
953 3717 1026 3767 ta.

703 3795 1007 3849 Concubina
1047 3801 1311 3852 Antonini
1346 3803 1435 3852 Pii
1469 3803 1684 3854 videtur
1719 3789 2013 3856 memorari
2050 3805 2141 3872 VJ,
2164 3808 2316 3858 8972.

698 3965 826 4035 353
893 3970 967 4031 Μ.
997 3971 1163 4034 Aelio
1195 3974 1435 4035 Aurelio
1477 3972 1487 4055 Ι
1526 3976 1719 4037 Caes.¹
1770 3996 1888 4038 cos.
1923 3976 2030 4052 11²,
2078 3978 2157 4038 fil.
2196 3975 2208 4059 Ι
2248 3979 2389 4058 imp.
2439 3978 2728 4040 Antonini
2773 3980 2922 4056 Aug.
2967 3977 3050 4038 Pii
3097 3974 3103 4056 Ι

531 4088 589 4148 p.
638 4088 717 4149 p..
763 4070 818 4130 d.
865 4070 919 4131 d.
966 4072 1059 4152 p.³

702 4169 884 4220 Firmi
907 4172 1090 4223 Piceni
1120 4175 1225 4240 (IX
1241 4176 1420 4242 5554).
1458 4204 1522 4214 —
1565 4177 1613 4236 1)
1653 4176 1737 4227 Ita
1767 4179 2084 4244 plerumque
2120 4180 2428 4246 appellatur
2451 4183 2509 4229 in
2535 4183 2891 4231 monumentis
2914 4179 3113 4230 Italiae

530 4253 748 4304 Marcus
795 4258 891 4320 qui
929 4262 1115 4322 postea
1162 4263 1478 4326 imperavit,
1525 4277 1645 4312 cum
1678 4265 2089 4327 provinciarum
2126 4265 2273 4314 tituli
2303 4265 2549 4331 plerique
2585 4264 2672 4330 (ut
2704 4270 2867 4317 etiam
2900 4269 3113 4315 nummi

532 4342 831 4390 civitatium
873 4340 1225 4410 Graecarum,
1277 4344 1346 4406 cs:
1385 4345 1590 4397 Eclchel
1622 4348 1670 4408 7,
1704 4348 1792 4414 69)
1832 4351 1882 4397 ei
1917 4349 2125 4400 addant
2159 4366 2450 4415 cognomen
2491 4351 2635 4410 Veri,
2675 4352 2819 4416 quod
2852 4352 3039 4401 habuit
3076 4369 3112 4402 a

530 4430 685 4488 patre
720 4427 968 4476 naturali
1003 4428 1072 4480 M.
1111 4431 1292 4480 Annio
1332 4429 1391 4481 V
1384 4447 1474 4480 ero
1485 4450 1506 4493 ,·
1554 4435 1783 4482 ceterum
1830 4437 1990 4484 etiam
2034 4436 2127 4484 ubi
2162 4438 2304 4485 inter
2341 4441 2493 4486 testes
2528 4441 2835 4496 recensetur
2867 4439 3113 4485 senatus-

533 4509 767 4559 consulti
801 4512 1030 4562 alicuius
1061 4512 1202 4574 sacti
1236 4516 1331 4564 sub
1370 4515 1463 4565 Pio
1504 4515 1615 4580 (ΙΙΙ
1649 4517 1703 4569 S.
1741 4518 1910 4584 7060),
1945 4524 2024 4568 est
2056 4517 2122 4569 Μ.
2155 4519 2333 4570 Aelius
2370 4520 2489 4587 imp.
2528 4519 2631 4571 Titi
2669 4521 2780 4571 Aeli
2818 4520 3113 4583 [Hadriani

531 4594 802 4655 An]tonini
842 4595 876 4645 f.
914 4594 1037 4662 Pap.
1073 4597 1309 4650 Aurelius
1349 4597 1527 4653 Verus,
1577 4628 1645 4639 —
1694 4602 1745 4667 2)
1786 4603 1982 4654 Consul
2026 4602 2139 4663 fuit
2174 4604 2391 4655 Marcus
2436 4623 2487 4657 a.
2524 4606 2633 4667 440,
2676 4609 2870 4656 iterum
2908 4622 2955 4659 a.
2994 4606 3112 4658 445.

531 4705 591 4714 -—
633 4679 684 4734 3»
722 4677 948 4729 Decreta
986 4680 1334 4732 decurionum
1366 4682 1595 4748 publice.
