3432 5387
914 375 1084 431 Tituli
1119 378 1358 431 virorum
1393 381 1451 432 et
1483 377 1771 432 mulierum
1807 376 2015 432 ordinis
2051 376 2332 432 senatorii.
2777 376 2902 435 277

343 549 455 615 sub
502 568 647 611 auro
682 546 692 632 Ι
726 550 1136 628 postulandam
1182 567 1310 609 esse
1341 549 1606 621 credidit,
1652 549 1809 627 quod
1844 548 1987 609 nulli
2027 548 2036 628 Ι
2076 548 2503 628 proconsulum
2548 549 2636 608 vel
2669 567 2739 610 ex
2768 567 2910 629 pro-

343 652 690 715 consulibus
724 647 733 734 Ι
762 652 1136 712 statuendam
1172 662 1296 724 (sie)
1333 660 1501 713 antea
1535 650 1864 732 postularit.
1967 658 2056 718 (In
2092 659 2280 720 latere)
2316 650 2410 710 dd.
2447 669 2548 711 nn.
2582 647 2832 737 Val[ente
2867 650 2916 710 V

342 766 395 817 et
450 753 854 816 Valentiniano
899 772 1039 815 cosS.
1045 749 1100 839 ]'¹
1147 800 1161 815 .
1210 801 1224 815 .
1273 801 1287 815 .
1334 801 1348 815 .

510 853 709 905 Romae
744 855 885 904 basis
920 854 1107 916 effossa
1154 871 1263 906 non
1301 855 1456 919 longe
1491 871 1523 903 a
1559 853 1685 914 l'oro
1728 852 1966 902 Traiano
2003 851 2112 909 (Vl
2140 852 2268 904 4756
2304 852 2469 903 deser.
2509 854 2575 904 de
2609 853 2908 919 Boni).—

345 942 392 1003 1)
420 940 726 1005 Hymetium
748 955 797 992 a.
821 941 925 992 368
948 944 1096 990 iussu
1125 940 1497 992 Valentiniani
1520 941 1578 988 in
1603 940 1825 989 exilium
1861 941 2042 988 actum
2073 953 2180 987 esse
2205 942 2401 987 narrat
2424 939 2741 989 Ammianus
2763 941 2850 1004 28,
2876 940 2904 991 4

340 1023 559 1084 47-26,
596 1021 848 1083 defuncto
874 1024 1252 1075 Valenteniano
1289 1029 1347 1075 in
1383 1028 1654 1089 integrum
1689 1026 1996 1073 restitutum
2021 1038 2129 1071 esse
2153 1021 2480 1071 demonstrat
2506 1024 2593 1073 hic
2617 1024 2821 1075 titulus.
2840 1052 2907 1063 —

341 1111 394 1173 2)
418 1110 483 1159 A.
502 1110 605 1161 362
634 1108 775 1166 (cod.
819 1107 1011 1161 Theod.
1038 1108 1115 1172 44,
1138 1111 1224 1171 50,
1247 1111 1358 1175 29).
1385 1139 1449 1147 -
1485 1113 1537 1174 3)
1560 1111 1623 1160 A.
1647 1111 1747 1160 566
1762 1126 1867 1172 seq.
1894 1108 2035 1167 (cod.
2062 1108 2192 1157 lust.
2216 1108 2270 1171 5,
2292 1106 2372 1171 64,
2395 1107 2441 1157 4.
2497 1107 2611 1159 cod.
2643 1107 2834 1159 Theod.
2857 1111 2908 1173 9,

339 1194 425 1255 43,
460 1195 539 1259 δ’).
576 1223 642 1231 -
679 1197 730 1257 4)
767 1193 876 1243 Has
906 1196 1240 1258 provisiones
1276 1195 1511 1261 Hymetii
1545 1197 1806 1243 memorat
1839 1196 2002 1244 etiam
2038 1193 2358 1241 Ammianus
2394 1191 2427 1242 l.
2460 1207 2505 1243 c.
2545 1222 2608 1229 —-
2647 1196 2700 1257 5)
2733 1193 2909 1243 Decli-

337 1280 576 1329 nabatur
621 1279 982 1329 sacerdotium
1025 1281 1339 1344 provinciae
1382 1278 1472 1345 (de
1517 1293 1621 1343 quo
1668 1277 1739 1339 cf.
1791 1279 1845 1329 0.
1897 1274 2205 1336 Hirschfeld
2244 1291 2371 1326 ann.
2419 1278 2544 1328 inst.
2596 1279 2744 1328 arch.
2780 1276 2908 1329 4866

336 1380 389 1431 p.
425 1365 518 1431 72)
548 1368 776 1430 propter
812 1379 977 1414 onera
1013 1367 1063 1413 ei
1097 1366 1360 1414 iniuncta.
1396 1392 1462 1400 —
1501 1366 1550 1425 6)
1586 1365 1650 1414 A.
1675 1363 1961 1415 576—578.
1997 1391 2064 1398 —
2115 1363 2164 1424 Ἰ)
2200 1362 2264 1412 A.
2288 1363 2405 1413 376.

509 1464 678 1535 1257
748 1467 1139 1546 Phosphorii.²
1179 1468 1190 1546 Ι
1258 1469 1439 1529 Lucio
1486 1470 1624 1528 Aur.
1659 1467 1902 1527 Avianio
1949 1466 2299 1545 Symmacho
2348 1485 2397 1525 v.
2445 1485 2520 1540 c.‚
2561 1465 2571 1547 Ι
2609 1468 2906 1547 praesecto

338 1569 528 1643 urbi²,
573 1569 854 1642 consuli³,
901 1588 1009 1649 pro
1058 1568 1373 1648 praefectis
1418 1570 1715 1647 praetorio
1763 1570 1821 1629 in
1872 1568 2016 1631 urbe
2065 1567 2249 1628 Roma
2295 1568 2678 1647 finitimisque
2716 1567 2726 1650 Ι
2765 1588 2906 1649 pro-

338 1672 601 1743 vinciis⁴‚
646 1672 947 1751 praefecto
979 1688 1255 1732 annonae
1287 1667 1470 1750 urlbis
1502 1670 1722 1732 Romae
1738 1672 1779 1745 ⁸,
1825 1670 2091 1751 pontifici
2130 1668 2357 1741 maiori,
2403 1667 2904 1752 quindelcemviro

340 1792 387 1834 s.
435 1775 505 1846 f„
566 1772 765 1833 multis
818 1772 1214 1853 legationibus
1264 1775 1273 1848 Ι
1326 1789 1434 1850 pro
1493 1772 1835 1851 amplissimi
1881 1771 2106 1832 ordinis
2150 1770 2454 1833 desideriis
2492 1778 2501 1848 Ι
2540 1774 2696 1852 apud
2742 1774 2905 1835 divos

337 1876 639 1955 principes
683 1875 945 1947 functo⁶‚
1003 1875 1106 1952 qui
1146 1877 1155 1953 Ι
1199 1874 1423 1954 primus
1478 1874 1538 1934 in
1592 1885 1803 1935 senatu
1847 1873 2203 1936 sententiam
2247 1871 2465 1955 rogalri
2510 1875 2717 1936 solitus
2763 1894 2903 1936 auc-

338 1977 571 2039 toritate
604 1977 915 2055 prudentia
947 1987 1062 2054 atq.
1104 1976 1115 2054 Ι
1154 1976 1492 2054 eloquentia
1529 1994 1637 2055 pro
1671 1976 1951 2054 dignitate
1984 1976 2131 2037 tanti
2163 1974 2406 2060 ordilnis
2434 1977 2900 2057 magnitudinem

337 2079 455 2139 loci
500 2078 626 2139 eius
670 2073 1018 2158 inplevelrit‚
1064 2078 1569 2141 auroinlustrem
1615 2087 1886 2149 statuam,
1935 2095 2109 2156 quam
2150 2075 2159 2159 Ι
2197 2096 2228 2137 a
2276 2078 2531 2140 dominis
2560 2079 2901 2158 Augustisq.

341 2180 561 2242 nostris
622 2187 863 2240 senatus
913 2177 925 2261 Ι
975 2179 1367 2259 amplissimus
1424 2180 1674 2240 decretis
1733 2178 2091 2258 frequentib.
2156 2175 2495 2259 inlpetrabit
2541 2190 2688 2254 (sic),
2747 2181 2902 2241 idem

335 2283 736 2345 triumsatores
778 2281 1082 2361 principes
1120 2280 1130 2362 Ι
1172 2282 1355 2342 nostri
1405 2283 1683 2343 constitui
1730 2282 1995 2361 adposita
2042 2281 2309 2341 oratione
2356 2278 2704 2363 iuslserunt‚
2751 2302 2902 2362 quae

338 2385 686 2446 meritorum
732 2384 857 2443 eius
903 2383 1173 2443 ordinem
1215 2388 1222 2455 ἱ
1264 2402 1330 2443 ac
1375 2383 1592 2444 seriem
1640 2385 2010 2457 contineret3
2070 2400 2324 2460 quorum
2379 2401 2648 2461 perenne
2699 2382 2709 2464 Ι
2750 2383 2901 2444 iudi-

336 2488 492 2549 cium
538 2493 704 2547 tanto
749 2486 982 2546 muneri
1027 2486 1141 2545 boc
1186 2504 1423 2564 quoque
1454 2481 1710 2568 adldidit,
1758 2495 1825 2545 ut
1853 2485 2094 2545 alteram
2126 2494 2375 2545 statuam
2406 2486 2536 2564 pari
2565 2482 2900 2567 splenldore

337 2590 509 2651 etiam
534 2588 685 2668 apud
715 2586 1290 2666 Constantinopolim
1321 2583 1329 2668 Ι
1357 2588 1712 2649 conlocaret.
1742 2584 1751 2670 Ι
1803 2592 1890 2653 (In
1913 2592 2103 2656 latere)
2131 2586 2395 2646 dedicata
2427 2586 2506 2645 ΠΙ
2532 2587 2643 2648 kal·
2675 2587 2856 2647 Maias
2890 2588 2900 2668 Ι

336 2692 394 2753 d.
444 2712 502 2752 n.
549 2689 831 2752 Gratiano
877 2687 986 2749 1111
1032 2699 1091 2749 et
1135 2687 1493 2750 Merobaude
1539 2689 1685 2751 cos!

507 2790 702 2841 Romae
735 2806 845 2855 rep.
882 2791 978 2839 sub
1018 2789 1300 2854 Capitolio,
1338 2796 1415 2840 est
1451 2793 1509 2839 in
1546 2806 1728 2840 museo
1771 2790 2032 2840 Vaticano
2073 2786 2149 2845 (V
2151 2787 2178 2836 I
2215 2786 2377 2850 1698).
2456 2786 2663 2838 Titulus
2693 2791 2901 2852 positus

335 2883 414 2929 est
436 2876 773 2945 Symmacho,
797 2877 950 2940 patri
973 2874 1284 2940 Symmachi
1306 2878 1556 2925 oratoris.
1610 2873 1690 2935 Cf.
1719 2873 1883 2925 Seeck
1906 2875 1964 2922 in
1991 2871 2223 2921 editione
2249 2872 2558 2938 Symmachi
2577 2887 2631 2936 p.
2655 2871 2779 2924 XLI
2793 2888 2898 2936 seq.

334 2992 402 3001 —
445 2965 492 3027 1)
514 2964 794 3026 Agnomen
830 2959 1156 3025 Symmachi.
1189 2989 1253 2997 —
1284 2963 1334 3023 2)
1359 2962 1420 3011 A.
1446 2962 1545 3012 564
1582 2962 1778 3018 (Amm.
1801 2959 1885 3019 27,
1909 2960 1963 3018 5,
1986 2959 2078 3021 3);
2115 2956 2185 3017 cll
2224 2956 2389 3007 Seeck·
2420 2955 2619 3022 Symm.
2653 2973 2708 3022 p.
2733 2955 2901 3007 XLII.

331 3076 400 3086 —
439 3049 491 3110 3)
527 3045 904 3112 Symmachum
952 3044 1219 3093 consulem
1264 3045 1546 3106 suffectum
1596 3061 1647 3098 a.
1681 3046 1781 3096 576
1824 3044 2040 3110 putavit
2076 3041 2286 3102 Maius,·
2333 3046 2531 3091 rectius
2577 3043 2685 3091 nisi
2729 3038 2901 3102 fallor

331 3131 581 3183 Seeckius
612 3147 665 3196 p.
702 3127 882 3180 XLII!
910 3130 1103 3178 statuit
1137 3128 1460 3180 destinatum
1498 3132 1548 3178 ei
1581 3127 1754 3191 faisse
1789 3127 2123 3178 consulatum
2163 3127 2503 3177 ordinarium
2550 3144 2600 3177 a.
2635 3126 2761 3191 577,
2806 3128 2902 3179 sed

336 3218 614 3269 decessisse
650 3229 769 3264 eum
794 3216 917 3262 ante
941 3214 1137 3262 initum
1161 3214 1432 3266 honorem.
1461 3243 1525 3251 —
1551 3216 1602 3276 4)
1632 3215 1912 3265 Vicat-ium
1936 3215 2088 3264 urbis
2112 3211 2307 3263 Romae
2328 3210 2498 3273 fuisse
2522 3211 2901 3278 Symmachum

332 3302 469 3353 alibi
503 3315 613 3351 non
650 3298 907 3349 traditur.
944 3324 1009 3334 —
1047 3300 1097 3358 5)
1137 3296 1215 3357 Cf.
1251 3314 1416 3363 supra
1456 3298 1522 3350 Ν.
1547 3300 1662 3350 726.
1697 3327 1758 3335 -
1788 3302 1839 3358 6)
1866 3298 2092 3362 Legatio
2129 3299 2203 3348 ad
2240 3298 2608 3349 Constantium
2641 3302 2899 3363 macoma,

335 3403 441 3453 qua
477 3384 824 3435 Antiochiam
860 3381 1015 3444 adiit,
1047 3390 1377 3434 memoratur
1412 3386 1477 3434 ab
1514 3385 1800 3436 Ammiano
1823 3382 1905 3444 24,
1934 3383 2018 3445 42,
2043 3384 2109 3434 24
2147 3388 2198 3433 et
2232 3400 2265 3433 a
2301 3383 2529 3434 Libanio
2571 3385 2629 3432 in
2665 3382 2895 3448 epistula

329 3472 437 3524 925
474 3470 600 3520 data
637 3469 710 3519 ad
744 3467 1120 3533 Symmachum
1156 3469 1315 3522 huius
1349 3468 1538 3531 filium.
1576 3498 1642 3507 —
1680 3472 1731 3531 7)
1767 3470 1833 3519 A.
1855 3469 1970 3521 577.

507 3568 675 3642 1258
737 3571 928 3632 Vettio
972 3571 1191 3649 Agorio
1239 3573 1607 3634 Praetextato
1650 3592 1704 3632 V.
1752 3593 1801 3633 c.
1857 3583 1916 3633 et
1959 3572 2083 3644 inl.‚
2124 3573 2133 3652 Ι
2173 3572 2495 3633 correctori
2543 3572 2792 3634 Tusciae
2837 3583 2898 3634 et

337 3675 632 3748 Umbriae,
673 3673 683 3755 Ι
722 3673 1020 3735 consulari
1068 3674 1419 3748 Lusitaniae,
1471 3674 1816 3754 proconsuli
1856 3672 1865 3756 Ι
1905 3675 2209 3744 Achaiae',
2252 3675 2437 3753 praef.
2483 3674 2662 3748 urb.²‚
2708 3676 2894 3754 praef.

334 3776 613 3859 praetorii
650 3778 660 3858 Ι
702 3775 914 3857 lllyrici
962 3775 1158 3836 ltaliae
1205 3788 1263 3837 et
1306 3778 1534 3838 Africae
1550 3779 1589 3852 ³,
1637 3757 2212 3856 conssdesignatoss
2263 3775 2273 3857 Ι
2313 3776 2504 3854 legato
2549 3777 2893 3858 amplissimi

335 3882 557 3943 ordinis
600 3879 818 3959 septies
862 3888 922 3939 et
966 3879 1033 3939 ad
1081 3880 1515 3959 impetrandum
1562 3879 1686 3939 reb.
1725 3879 1924 3940 arduis
1962 3876 1971 3959 Ι
2011 3897 2247 3958 semper
2278 3879 2570 3958 opposite,
2612 3878 2621 3961 Ι
2662 3880 2895 3959 parenti

330 3983 572 4065 publice
614 3981 946 4063 privatimq.
992 3980 1339 4054 reverend0‚
1380 3983 1389 4060 Ι
1428 3991 1493 4042 ut
1538 3982 1710 4042 eliam
1756 3990 1980 4042 statuae
2026 3981 2210 4060 ipsius
2242 3981 2450 4041 domus
2489 3978 2499 4062 Ι
2539 3981 2894 4041 honoraret⁸

332 4086 591 4165 insignia
637 4083 917 4144 constitui
955 4081 966 4159 Ι
1005 4083 1305 4162 locarique
1351 4083 1618 4143 curavit.⁰

502 4183 700 4236 Romae
733 4199 843 4248 rep.
881 4186 942 4234 in
977 4188 1155 4234 monte
1179 4184 1444 4234 Aventino
1482 4182 1587 4244 (VI
1607 4183 1732 4234 4777
1764 4186 1978 4249 saepius
2014 4183 2279 4248 descripta
2312 4196 2449 4233 saec.
2477 4180 2894 4243 XVI—XVIII).

329 4299 399 4309 —
445 4269 526 4319 De
570 4271 776 4333 Agar-io
818 4269 1160 4319 Ptaetextato
1198 4268 1267 4329 cf.
1305 4270 1446 4320 Jahn
1481 4268 1730 4318 Berichte
1779 4268 1829 4320 d.
1874 4270 2046 4319 siichs.
2086 4267 2199 4319 Ges.
2237 4267 2286 4317 d.
2319 4267 2477 4319 Wiss.
2512 4267 2636 4319 4854
2673 4283 2726 4334 p.
2752 4269 2894 4328 558,-

334 4357 392 4407 0.
441 4353 604 4406 Seeck
650 4353 949 4419 Symmach.
983 4371 1038 4420 p.
1074 4352 1352 4405 LXXXIII
1367 4371 1473 4419 seq.
1513 4382 1575 4390 —
1618 4356 1666 4414 1)
1701 4356 1768 4405 A.
1803 4356 1924 4415 562,
1963 4352 2032 4414 cll
2071 4353 2339 4402 Ammian.
2372 4353 2463 4416 22,
2497 4354 2543 4414 7,
2578 4354 2624 4404 6.
2694 4352 2890 4402 Zosim.

325 4443 375 4506 4,
408 4442 463 4493 3.
498 4468 563 4476 —
601 4441 654 4501 2)
688 4439 753 4489 A.
787 4438 969 4506 3671&
1005 4437 1077 4499 cf.
1115 4439 1382 4490 Ammian.
1420 4440 1506 4503 27,
1538 4441 1589 4503 9,
1624 4441 1673 4490 8.
1709 4467 1777 4475 -
1813 4440 1867 4498 3)
1902 4439 1968 4491 A.
1996 4440 2097 4490 584
2134 4438 2275 4497 (cod.
2318 4435 2510 4489 Theod.
2543 4441 2592 4504 6,
2624 4440 2676 4504 5,
2709 4439 2789 4505 2).
2827 4466 2889 4476 -

328 4527 382 4589 4)
427 4525 804 4574 staeteaetatus
849 4527 1094 4574 mortuus
1146 4540 1253 4575 esse
1298 4525 1510 4575 videtur
1562 4527 1621 4573 in
1676 4526 1795 4589 ipsa
1840 4519 2189 4589 praefectura
2233 4525 2528 4587 praetorii,
2584 4538 2705 4574 cum
2764 4527 2894 4573 esset

328 4608 515 4659 consul
555 4608 897 4671 designatum
938 4607 1009 4669 cs.
1058 4608 1410 4676 Symmachus
1455 4609 1607 4659 relat.
1656 4609 1854 4660 40-42
1908 4611 2262 4673 (potissimum
2299 4609 2385 4682 12,
2417 4610 2493 4672 4).
2539 4636 2605 4645 -
2653 4611 2703 4674 5)
2753 4610 2893 4659 Haec

329 4691 556 4753 confusa
580 4693 846 4743 videntur.
874 4722 937 4730 -
965 4695 1018 4754 6)
1043 4694 1232 4744 Deesse
1255 4696 1315 4744 in
1337 4693 1448 4757 fine
1473 4695 1685 4759 aliquid
1706 4709 1816 4744 non
1841 4693 2082 4745 traditur
2104 4695 2198 4744 sed
2225 4693 2505 4760 probabile
2540 4699 2616 4746 est
2651 4696 2893 4760 (periisse

326 4792 519 4828 nomen
552 4777 661 4838 filii
697 4780 927 4828 coniecit
960 4777 1165 4842 Seeck).
