3432 5387
555 340 634 398 92
1692 346 1869 413 Caput
1906 346 1976 399 11.

726 520 857 589 372
922 541 1031 603 pro
1088 524 1272 584 salute
1332 534 1390 583 et
1439 520 1448 595 Ι
1500 523 1692 583 reditu
1750 523 1891 601 imp.
1951 521 2255 604 Antolnini
2301 526 2471 603 Aug„
2529 524 2845 585 Faustinae
2901 532 2909 603 Ι
2972 529 3160 603 Aug„

555 624 1001 704 liberorumque
1038 627 1048 706 Ι
1088 645 1329 698 eorum,
1389 644 1548 685 aram
1607 636 1845 687 sanetae
1885 628 1894 705 Ι
1934 626 2050 687 Isdi
2088 635 2234 699 (sic),
2282 627 2512 687 numini
2560 627 2828 707 Sarapis,
2870 627 2879 709 Ι
2925 637 3158 689 sancto

556 727 810 798 Silvano,
843 727 1059 800 Larib.‚
1099 726 1109 808 Ι
1149 728 1212 790 C.
1246 728 1610 808 Pomponius
1649 725 1659 809 Ι
1697 729 2098 808 Turpilianus,
2140 727 2150 810 Ι
2191 748 2354 810 proc.
2400 730 2470 790 ad
2504 730 2700 791 oleum
2733 731 2789 791 in
2825 729 3107 791 Galbae¹
3141 729 3152 811 Ι

554 828 752 890 Ostiae
796 839 1005 909 portus
1047 833 1378 911 utriusque,
1425 833 1480 893 d.
1524 831 1580 891 d.

729 931 906 982 Ostiae
939 948 1050 999 rep.
1087 932 1246 994 (XIV
1272 934 1384 996 20).
1416 960 1482 970 -
1527 930 1739 982 Titulus
1765 933 1976 997 positus
2010 949 2060 982 a.
2098 931 2210 996 ⁴73,
2244 948 2365 982 eum
2402 932 2470 984 M.
2508 933 2763 984 Aurelius
2798 948 2925 983 cum
2965 950 3161 985 uxore

556 1021 607 1066 et
629 1016 745 1079 filio
772 1015 869 1079 (cll
895 1020 985 1069 vit.
1014 1018 1207 1070 Comm.
1232 1020 1286 1079 2,
1309 1021 1371 1079 5)
1397 1021 1455 1067 in
1483 1017 1694 1067 Oriente
1721 1018 1950 1081 degeret,
1987 1022 2112 1067 anie
2137 1022 2358 1067 mortem
2382 1017 2697 1069 Faustinae.
2723 1047 2786 1056 —
2821 1021 2871 1083 1)
2898 1018 3157 1085 Supple:

550 1104 774 1156 horr-eie.

725 1223 854 1294 373
919 1227 1059 1306 imp.
1109 1226 1337 1287 Caesari
1380 1221 1388 1306 Ι
1429 1226 1503 1285 Μ.
1537 1226 1732 1286 Aurel.
1767 1227 2069 1286 Antonino
2109 1227 2119 1308 Ι
2159 1229 2307 1304 Aug.
2354 1228 2593 1287 Armen.
2640 1227 2848 1290 Medic.
2886 1231 3105 1293 Parth.
3142 1236 3151 1311 Ι

557 1329 833 1390 German.
867 1328 1139 1389 Sarmat.¹
1172 1328 1426 1400 maxim„
1468 1330 1477 1406 Ι
1517 1328 1653 1388 trib.
1687 1337 1901 1408 potest.
1938 1328 2147 1401 XXX’,
2189 1326 2199 1409 Ι
2238 1329 2377 1410 imp.
2406 1330 2552 1402 VIII,
2599 1350 2720 1393 cos.
2754 1331 2853 1406 111,
2904 1352 2970 1413 p.
3011 1353 3097 1412 p..
3144 1338 3151 1411 Ι

557 1431 694 1492 trib.
741 1432 852 1512 leg.
901 1430 951 1491 ll
998 1430 1096 1491 Tr.
1143 1432 1276 1491 sort.

729 1532 1107 1583 Alea-andreae
1141 1533 1380 1597 Aegypti
1417 1531 1524 1591 (III
1559 1532 1611 1581 S.
1646 1532 1818 1594 6578).
1866 1560 1932 1568 -
1985 1534 2031 1594 1)
2070 1532 2248 1581 Insere
2296 1533 2476 1598 pontif.
2531 1536 2780 1584 omissum
2822 1550 2857 1585 a
2896 1536 3153 1600 quadra-

558 1621 714 1669 tario.
785 1617 1119 1669 Sarmaticus
1153 1616 1450 1683 appellatus
1486 1622 1563 1665 est
1587 1616 1806 1667 Marcus
1841 1634 1890 1667 a.
1919 1616 2010 1666 175
2049 1617 2276 1677 (Eeklzel
2293 1619 2343 1682 7,
2365 1620 2476 1681 62).
2514 1649 2569 1658 —-
2615 1620 2665 1681 2)
2701 1619 2827 1670 Dee.
2859 1619 3038 1684 17516.
3078 1650 3147 1658 —

562 1703 772 1754 Titulus
807 1705 1023 1769 positus
1068 1719 1101 1753 a
1148 1705 1381 1753 tribunis
1415 1702 1642 1766 legionis
1686 1702 1949 1751 secundae
1991 1700 2260 1752 Traianae
2292 1702 2498 1765 Fortis,
2534 1703 2916 1756 Alexandreae
2954 1712 3147 1757 castra

555 1791 823 1849 habentis,
861 1787 931 1839 M.
971 1787 1208 1852 Aurelio,
1250 1802 1403 1852 quem
1440 1803 1583 1837 anno
1618 1787 1711 1838 176
1744 1790 1867 1853 post
1899 1789 2098 1836 motum
2137 1786 2449 1838 Cassianum
2486 1791 2543 1839 in
2581 1790 2888 1856 Aegyptum
2928 1795 3147 1842 venisse

553 1890 734 1925 rerum
769 1876 1058 1939 scriptores
1093 1872 1434 1935 tradiderunt
1469 1872 1643 1936 (Mo.)-

724 2009 855 2080 374
919 2032 964 2073 s·
1013 2032 1070 2091 p.
1119 2031 1175 2091 q.
1221 2012 1292 2072 R.
1340 2013 1477 2091 imp.
1526 2012 1688 2071 Caes.
1736 2011 1849 2071 divi
1894 2011 2180 2071 Antonini
2228 2011 2327 2084 fil„
2386 2011 2499 2071 divi
2546 2011 2677 2072 Veri
2727 2013 2924 2074 Parth.
2977 2034 3141 2075 max.

556 2117 742 2189 fratri,
788 2115 904 2176 divi
937 2114 1213 2174 Hadriani
1264 2133 1420 2193 nep.‚
1467 2114 1582 2173 divi
1611 2111 1848 2173 Traiani
1888 2113 2080 2173 Parth.
2124 2108 2456 2196 [projnop.‚
2504 2113 2615 2173 divi
2649 2114 2873 2176 Nervae
2905 2116 3139 2196 abnep.

556 2220 632 2280 M.
666 2218 906 2279 Aurelio
939 2216 1243 2276 Antonino
1269 2216 1417 2295 Aug.
1445 2215 1639 2280 Germ.
1671 2216 1882 2286 Sarm.‚
1916 2216 2125 2294 pontis.
2159 2216 2413 2290 maxim„
2448 2215 2728 2277 tribunis.
2761 2228 2881 2298 pot.
2914 2219 3086 2279 XXX
3102 2222 3138 2289 ¹,

555 2324 698 2402 imp.
732 2320 882 2393 VIII,
930 2338 1050 2380 cos.
1085 2318 1183 2390 Ill,
1229 2338 1287 2398 p.
1322 2338 1401 2398 p..
1447 2317 1604 2396 quod
1652 2336 1860 2378 omnes
1906 2318 2169 2379 omnium
2218 2327 2352 2378 ante
2398 2337 2460 2380 se
2500 2320 2887 2381 maximorum
2938 2323 3139 2401 impe·

557 2434 822 2485 ratorum
867 2422 1085 2502 glorias
1128 2439 1581 2500 supergressus,
1638 2420 2098 2481 bellicosissimis
2141 2419 2418 2500 gentibus
2470 2422 2676 2483 deletis
2721 2433 2821 2484 aut
2867 2424 3140 2486 subactis

627 2680 630 2683 Α
728 2628 924 2679 Romae
959 2629 1016 2677 in
1053 2624 1345 2691 Capitolio,
1380 2623 1541 2674 semel
1575 2624 1841 2688 descripta
1879 2627 2003 2672 ante
2036 2639 2172 2675 saec.
2212 2624 2310 2685 IX,
2359 2625 2503 2689 quod
2544 2626 2843 2689 exemplum
2888 2628 3136 2676 servavit

557 2719 703 2765 vetus
747 2715 917 2765 codex
951 2711 1304 2764 Einsidlensis
1351 2715 1404 2760 et
1449 2727 1519 2759 em
1563 2709 1734 2760 simili
1775 2709 1952 2759 codiee
1993 2710 2226 2774 Poggius
2269 2710 2375 2770 (VJ
2405 2711 2570 2775 1014).
2608 2741 2674 2748 -
2716 2715 2763 2776 1)
2799 2712 2922 2763 Dee.
2962 2714 3131 2776 4755‘6.

726 2850 853 2919 375
920 2852 1061 2931 imp.
1110 2851 1320 2913 Caesar
1351 2850 1428 2910 M.
1460 2848 1732 2908 Aurelius
1772 2849 1783 2923 Ι
1823 2848 2160 2908 Antoninus
2205 2849 2352 2926 Aug.
2395 2847 2404 2928 Ι
2444 2847 2831 2913 Germanicus
2877 2853 3131 2913 Sarmat.-

556 2964 613 3016 et
652 2954 661 3037 Ι
701 2956 844 3034 imp.
893 2954 1100 3014 Caesar
1146 2953 1210 3012 L.
1258 2951 1529 3012 Aurelius
1582 2947 1591 3031 Ι
1633 2949 1993 3010 Commodus
2039 2953 2183 3029 Aug.
2236 2948 2245 3030 Ι
2287 2948 2673 3011 Germanicus
2718 2952 3065 3013 Sarmatic.¹
3118 2950 3126 3032 Ι

556 3058 666 3116 hos
712 3056 933 3135 Iapides
996 3054 1274 3114 constitui
1335 3053 1671 3113 iusserunt²
1708 3049 1718 3133 Ι
1760 3062 2007 3131 propter
2051 3052 2483 3113 controversias
2528 3072 2677 3131 quae
2717 3053 2727 3135 Ι
2766 3054 2922 3115 inter
2966 3073 3129 3115 mer-

555 3167 790 3219 catores
835 3168 893 3217 et
938 3156 1241 3235 mancipes
1280 3154 1290 3236 Ι
1330 3164 1491 3214 ortae
1538 3165 1727 3225 erant,
1775 3154 1856 3215 uti
1892 3157 2069 3214 finem
2110 3152 2120 3235 Ι
2159 3154 2638 3216 demonstrarent
2680 3156 2946 3236 vectigali
2980 3156 3127 3217 sori-

555 3259 797 3321 euliari³
827 3260 917 3319 et*
948 3259 1197 3320 ansarii⁸
1236 3259 1247 3333 Ι
1286 3256 1741 3336 promercalium
1775 3255 2102 3318 secundnm
2143 3257 2151 3336 Ι
2190 3266 2451 3318 veterem
2496 3259 2684 3338 legem
2721 3259 2902 3320 semel
2933 3254 3123 3338 dum-1

556 3372 712 3423 taxat
755 3359 1073 3441 exigunda.

726 3462 949 3525 Romae,
988 3460 1115 3510 olim
1151 3463 1210 3510 in
1245 3460 1465 3510 aedibus
1497 3460 1755 3524 privatis,
1798 3474 1942 3508 nunc
1978 3461 2034 3507 in
2071 3460 2198 3510 villa
2238 3460 2469 3510 Albania
2506 3463 2684 3511 neseio
2721 3477 2823 3525 quo
2861 3461 2974 3511 loeo
3012 3475 3125 3524 rep.

555 3551 579 3608 (
583 3547 637 3598 V
633 3548 664 3597 I
682 3548 805 3599 1016
825 3551 900 3610 a).
974 3545 1241 3596 Similiter
1264 3546 1560 3610 inscriptas
1585 3543 1723 3610 lapis
1747 3543 1838 3593 sed
1862 3544 2082 3594 mutilus
2116 3548 2176 3594 in
2199 3545 2323 3606 fine,
2358 3549 2604 3611 repert-us
2627 3550 2703 3596 est
2721 3562 2889 3612 prope
2913 3548 3126 3595 moenia

554 3635 705 3682 urbis
752 3631 948 3683 Romae
989 3646 1132 3696 pone
1177 3631 1451 3681 basilicam
1487 3629 1902 3679 Lateo-anensem
1941 3631 2084 3693 (eph.
2120 3632 2167 3692 4,
2200 3631 2348 3694 787),
2387 3629 2485 3680 alii
2531 3631 2636 3681 duo
2682 3631 2938 3698 descripti
2976 3647 3129 3696 repe-

555 3722 778 3768 riuntur
821 3720 932 3766 iam
981 3718 1040 3765 in
1077 3716 1259 3766 codice
1295 3714 1625 3764 Einsidlensi
1670 3712 1875 3763 saeculi
1908 3718 2043 3763 noni
2078 3715 2161 3764 vel
2194 3716 2407 3777 decimi,
2458 3715 2714 3782 descripti
2748 3717 2887 3766 alter
2911 3707 2995 3765 ‘in
3035 3718 3124 3765 via

556 3792 819 3864 Salaria’,
840 3794 1140 3852 alter‘ante
1157 3804 1376 3865 portam
1394 3799 1728 3849 Flaminiam
1755 3801 1812 3847 in
1838 3789 1952 3847 via'
1975 3798 2081 3863 (Vl
2097 3799 2220 3850 1016
2239 3802 2285 3850 ὁ.
2303 3801 2404 3866 c.),·
2427 3801 2568 3850 unde
2591 3801 2878 3851 verisimile
2898 3801 2966 3862 fit
2987 3800 3129 3851 alios

553 3887 751 3937 similes
778 3887 980 3953 lapides
1012 3889 1214 3936 stetisse
1251 3888 1411 3934 etiam
1450 3884 1523 3934 ad
1556 3883 1694 3933 alias
1722 3885 1837 3933 vias
1863 3886 2008 3934 eirca
2032 3886 2215 3934 urbem
2240 3884 2477 3936 Romam.
2538 3885 2769 3951 Lapides
2796 3888 2966 3952 positi
2998 3889 3128 3935 sunt

556 3975 698 4022 inter
722 3987 924 4022 annum
951 3972 1056 4033 177,
1094 3987 1196 4036 quo
1227 3970 1542 4022 Commodus
1564 3971 1845 4032 Augustus
1870 3969 2045 4019 dietus
2069 3973 2161 4034 est,
2198 3975 2249 4020 et
2272 3988 2322 4024 a.
2348 3972 2462 4034 180,
2499 3987 2602 4036 quo
2634 3971 2853 4022 Marcus
2887 3970 3125 4021 decessit.

554 4086 621 4095 —
651 4058 698 4121 1)
735 4056 798 4107 In
834 4058 1076 4123 exemplo
1102 4056 1458 4107 Lateranensi
1483 4056 1641 4104 verba
1679 4061 1731 4105 et
1769 4055 1888 4118 imp.
1917 4053 2102 4106 Caesar
2126 4054 2179 4108 L.
2206 4055 2442 4108 Aurelius
2468 4055 2774 4108 Commodus
2800 4057 2928 4121 Aug.
2956 4056 3124 4106 Germ.

556 4143 716 4194 Sarm.
742 4159 898 4194 erasa
920 4147 1064 4206 sunt,
1098 4142 1238 4192 idem
1262 4139 1433 4202 [icisse
1455 4143 1514 4189 in
1539 4140 1780 4204 exemplo
1804 4143 1929 4190 'viae
1954 4140 2203 4191 Salariae
2228 4146 2454 4207 apparet
2474 4157 2544 4190 ea>
2568 4143 2884 4208 apographo
2910 4141 3128 4192 Ee'mid-

556 4230 704 4291 lensi,
728 4232 787 4279 in
811 4234 1040 4293 utroque
1063 4226 1379 4278 vocabulum
1405 4225 1662 4276 iusserunt
1684 4228 1950 4275 mutatum
1976 4230 2052 4275 est
2076 4227 2133 4275 in
2159 4225 2323 4278 iussit.
2380 4226 2442 4275 In
2468 4226 2709 4292 eoeemplo
2735 4231 2912 4276 autem
2933 4233 3127 4293 portae

555 4315 861 4365 Flaminiae
885 4314 1158 4365 vocabulis
1182 4312 1294 4361 illis
1318 4313 1488 4361 erasis
1504 4312 1798 4360 substituta
1817 4314 1975 4360 erant
1995 4312 2124 4360 haee
2138 4330 2156 4360 .·
2180 4316 2232 4362 et
2252 4309 2317 4361 M.
2338 4311 2573 4362 Aurelius
2595 4310 2816 4362 Severus
2837 4309 3125 4362 Alexander

557 4396 677 4449 Pius
703 4397 844 4450 Felix
870 4399 1032 4463 Aug.;
1065 4398 1279 4448 videtur
1302 4397 1502 4461 aliquis
1525 4397 1619 4445 sub
1643 4395 1805 4457 linem
1832 4398 2048 4461 imperii
2071 4395 2359 4460 Elagabali
2382 4395 2466 4445 vel
2488 4399 2785 4462 imperante
2807 4396 3124 4447 Alexandro

557 4484 682 4532 huie
730 4483 883 4534 titulo
929 4481 1165 4543 sormam
1204 4483 1335 4533 dare
1371 4482 1600 4532 voluisse
1636 4483 2038 4532 constitutionis
2089 4481 2248 4531 datae
2282 4483 2347 4531 ab
2385 4482 2681 4546 Elagabalo
2719 4486 2772 4531 et
2804 4481 3125 4532 Alexandro

555 4568 831 4631 Augustis,
867 4584 999 4633 quos
1033 4568 1195 4618 simul
1223 4584 1321 4633 per
1345 4567 1569 4631 aliquod
1597 4571 1802 4633 tempus
1827 4568 2115 4633 imperasse
2141 4567 2292 4617 docet
2315 4566 2380 4618 N.
2405 4568 2500 4617 475
2526 4566 2698 4630 (Hm).
2735 4596 2800 4604 —
2829 4569 2881 4631 2)
2906 4567 3123 4618 maxime

557 4652 709 4702 addit
745 4653 1044 4718 eoeemplnm
1073 4657 1266 4719 portae
1302 4653 1623 4704 Flaminiae.
1650 4681 1718 4689 —
1751 4654 1801 4715 3)
1840 4651 2096 4703 loriculari
2134 4654 2257 4717 (pro
2296 4651 2600 4715 foriouliar-)
2638 4654 2955 4717 apographa
2992 4653 3126 4703 Ein-

555 4737 810 4788 sidlensia
848 4739 1211 4802 exemplorum
1249 4738 1466 4788 illorum
1502 4738 1919 4804 deperdilormn.
1968 4766 2034 4773 —
2073 4740 2124 4800 4)
2162 4743 2212 4788 te
2249 4737 2389 4802 Iapis
2422 4736 2584 4787 villae
2619 4737 2904 4802 Albaniae,
2939 4752 3126 4788 errore
