3432 5387
1350 419 1520 476 Tituli
1553 420 1832 476 militares.
2743 418 2866 478 559

486 594 718 661 Neapoli
761 593 837 660 (X
865 593 1000 647 5564
1048 598 1295 645 accurate
1341 594 1607 659 descripta
1653 609 1790 645 saec.
1836 591 1966 645 XV!
2015 595 2081 644 ab
2125 595 2364 644 Antonio
2409 594 2758 659 Augustino).
2803 621 2870 632 —

320 686 367 748 1)
417 681 771 733 Trieres-chus
814 680 879 730 de
921 679 1135 730 liburna
1171 679 1388 743 Aquila.
1424 708 1492 716 —
1528 680 1578 742 2)
1621 677 1951 730 Testamento
1995 679 2120 740 fieri
2165 680 2337 732 iussit.
2374 706 2440 715 —
2477 680 2526 741 3)
2563 678 2654 728 Ex
2687 682 2874 728 sester-

315 771 451 819 tium
487 768 661 817 decem
695 765 927 816 milibus.
961 793 1030 801 ·—
1064 767 1117 829 4)
1153 763 1466 815 Sestertium
1502 768 1620 815 octo
1654 764 1808 814 milia
1841 779 2113 814 nummum
2148 768 2201 813 et
2235 767 2509 815 trecentos.

486 918 656 991 2845
724 922 780 982 d.
826 940 903 981 m.
958 919 969 1001 Ι
1018 920 1094 981 Μ.
1142 921 1391 981 Naevius
1449 918 1843 1004 Asclelpiades
1899 922 2132 983 adiutor
2181 919 2192 1001 Ι
2243 931 2317 982 tr.
2362 920 2471 981 1111
2529 919 2757 980 Venere
2775 920 2812 993 ¹,
2861 916 2870 1001 Ι

315 1026 458 1086 vixit
500 1024 673 1084 annis
716 1022 874 1084 XXII
915 1020 925 1105 Ι
963 1022 1268 1084 mensibus
1313 1021 1377 1082 V.

488 1123 752 1175 Londinii
784 1126 843 1173 in
877 1138 1056 1173 museo
1091 1123 1412 1174 Britannico
1460 1123 1538 1184 (X
1563 1123 1699 1175 5591
1737 1123 1872 1174 vidit
1906 1124 2182 1186 Huebner,·
2225 1127 2415 1174 eaetant
2447 1125 2507 1173 in
2544 1137 2722 1173 museo
2758 1121 2879 1172 Bri-

319 1211 536 1259 tannico
572 1224 682 1259 non
723 1210 894 1273 pauci
936 1208 1087 1259 tituli
1120 1209 1525 1259 classiariorum
1563 1209 1787 1260 oriundi
1818 1212 1935 1260 sine
1968 1210 2130 1259 decbio
2165 1225 2235 1259 ex
2269 1208 2465 1259 Italia.-
2502 1224 2588 1258 eos
2634 1208 2692 1256 in
2741 1220 2877 1270 agro

315 1291 679 1360 Neapolitano
703 1296 943 1359 repertos
967 1309 1074 1343 esse
1097 1297 1151 1343 et
1164 1296 1439 1358 pertinere
1468 1294 1543 1343 ad
1572 1293 1769 1344 milites
1793 1293 1977 1344 classis
2000 1292 2308 1345 Misenensis
2330 1296 2522 1344 statuit
2544 1291 2874 1354 Mommsen).

317 1406 390 1416 —
428 1382 476 1443 1)
510 1379 748 1430 Adiutor
781 1380 1070 1429 trierarchi
1105 1382 1299 1429 tetrere
1337 1379 1553 1430 Venere.
1734 1377 1741 1383 '

489 1530 663 1601 2846
728 1534 783 1594 d.
831 1552 907 1593 m.
947 1530 958 1612 Ι
999 1532 1062 1592 Ρ.
1108 1516 1352 1593 Petroni
1395 1532 1668 1605 Afrodisi‚
1710 1531 1719 1615 Ι
1760 1553 1830 1594 ex
1875 1533 2244 1595 trIerarchis¹
2291 1551 2522 1594 navare.
2564 1530 2574 1615 Ι
2613 1542 2669 1593 et
2715 1532 2881 1611 prin-

321 1637 454 1716 cipe
500 1637 572 1698 cl.
620 1655 710 1715 pr.
757 1629 1065 1718 Raven[n.]
1107 1631 1116 1715 Ι
1157 1645 1216 1695 et
1260 1634 1468 1696 Gaviae
1514 1634 1848 1714 Gergouiae
1893 1636 2049 1708 eius,
2097 1636 2108 1716 Ι
2159 1636 2359 1696 Aelius
2404 1635 2823 1715 Carpophorus
2869 1630 2877 1710 Ι

322 1737 687 1817 parentibus.

497 1837 779 1888 Ravennae
825 1836 926 1903 (ΧΙ
957 1837 1022 1886 86
1065 1835 1225 1885 semel
1266 1836 1532 1901 descripta
1575 1852 1711 1888 saec.
1762 1835 1929 1904 XVI).
1964 1867 2032 1877 -
2071 1800 2117 1901 1)
2167 1837 2372 1888 Similis
2416 1839 2779 1888 inconstantia
2824 1839 2885 1886 in

331 1925 568 1974 numeris
605 1926 684 1971 est
726 1924 787 1972 in
824 1922 979 1972 titulo
1016 1920 1334 1971 salonitano
1370 1920 1457 1971 ΙΙΙ
1500 1920 1554 1971 S.
1587 1922 1745 1973 8744:
1790 1938 1851 1973 ex
1899 1928 2188 1989 protectore
2236 1926 2289 1973 et
2336 1938 2398 1973 ex
2443 1922 2748 1988 praepositis
2797 1919 2886 1986 (ex

333 2007 595 2058 trierarcb.
629 2009 795 2057 scribi
829 2009 1061 2057 iusserat
1096 2005 1426 2073 Mommsen).

501 2158 671 2229 2847
736 2162 790 2223 d.
837 2181 916 2221 m.
957 2158 967 2242 Ι
1006 2161 1075 2221 Τ.
1122 2161 1205 2221 Fl.
1253 2162 1559 2223 Antonino
1598 2162 1608 2244 Ι
1657 2182 1716 2242 p.
1763 2182 1822 2243 p.
1879 2163 1993 2241 leg.
2038 2162 2062 2222 1
2108 2163 2354 2224 Adiutri.
2407 2163 2416 2244 Ι
2472 2182 2542 2224 ex
2588 2183 2646 2223 n.
2694 2162 2886 2241 princ.

331 2265 450 2339 cl.¹‚
491 2260 501 2347 Ι
542 2266 639 2343 qui
685 2265 798 2325 vix.
845 2282 987 2324 ann.
1032 2263 1203 2336 Lxx,
1243 2262 1254 2337 1
1293 2264 1373 2325 fili
1418 2264 1570 2344 patri
1615 2264 1673 2325 b.
1718 2283 1797 2326 m.

499 2364 731 2431 Neapoli
766 2362 844 2425 (Χ
861 2365 1002 2415 5548
1028 2347 1167 2413 vidit
1194 2363 1524 2429 Mommsen).
1556 2392 1620 2402 —
1652 2367 1697 2428 1)
1729 2364 1910 2415 Primo
1942 2364 2054 2429 pilo
2083 2367 2310 2431 legionis
2341 2369 2550 2432 primae
2571 2364 2890 2425 Adiutricis,

333 2467 403 2501 eae
440 2451 712 2501 navarcho
743 2452 986 2514 principi
1026 2449 1227 2500 classis.
1295 2447 1466 2499 Notat
1499 2449 1815 2510 Mommsen,
1863 2450 2071 2501 nullum
2108 2451 2276 2503 alium
2312 2455 2580 2517 repertum
2615 2466 2726 2499 esse
2761 2451 2894 2501 clas-

330 2538 558 2585 siarium
591 2538 899 2600 promotum
934 2534 1009 2583 ad
1041 2537 1473 2585 centurionatum
1512 2534 1754 2599 legionis.

503 2683 677 2756 2848
742 2687 798 2749 d.
843 2707 919 2748 m.
961 2684 970 2769 Ι
1019 2688 1087 2749 Τ.
1135 2688 1429 2749 Minucius
1475 2687 1851 2770 Saturlninus
1894 2702 1931 2756 7
1976 2691 2282 2764 veteran.¹‚
2333 2685 2344 2770 Ι
2398 2688 2629 2769 Helpidi
2674 2708 2892 2750 vernae

336 2789 346 2873 Ι
394 2810 534 2853 suae
580 2801 639 2851 et
680 2790 789 2850 sibi
836 2801 894 2851 et
938 2789 1038 2851 lib.
1080 2789 1090 2872 Ι
1129 2790 1398 2852 libertab.
1444 2791 1760 2871 posterisq.
1799 2789 1808 2873 Ι
1850 2808 2074 2851 eorum.

502 2890 719 2953 Miseni,
766 2889 958 2939 deinde
991 2889 1229 2941 Puteolis
1277 2890 1356 2958 (Χ
1382 2893 1520 2944 5569
1563 2891 1704 2941 vidit
1738 2889 2068 2957 Mommsen).
2107 2921 2167 2928 —
2210 2894 2259 2955 1)
2305 2890 2560 2943 Centurio
2608 2897 2892 2960 veteranus

337 2974 426 3041 (ut
459 2974 527 3025 N.
552 2976 686 3026 2849
720 2979 770 3024 et
806 2974 983 3041 alibi),
1019 2977 1198 3025 minus
1232 2980 1486 3027 accurate
1523 2977 1728 3027 dictum
1760 2991 1863 3041 pro
1900 2980 2150 3026 veterano
2187 2993 2256 3026 em
2292 2979 2693 3028 centurionibus
2717 2975 2893 3044 (Δία).

499 3126 672 3199 2849
737 3131 792 3191 (1.
840 3149 915 3190 m.
957 3127 966 3211 Ι
1007 3130 1067 3191 C.
1115 3130 1394 3192 Velonius
1424 3131 1621 3193 Macer
1661 3146 1696 3194 7
1747 3129 2076 3211 veteralnus
2120 3148 2191 3190 ex
2236 3130 2404 3192 class,
2449 3139 2634 3210 praet.
2667 3131 2895 3207 Misen.‚

334 3229 345 3313 Ι
391 3231 657 3292 militavit
700 3250 842 3292 ann.
873 3230 1053 3291 XXVI
1099 3232 1237 3294 vixit
1274 3231 1284 3314 Ι
1324 3234 1498 3295 annis
1528 3232 1655 3293 LXI
1700 3233 1940 3294 natione
1971 3233 2205 3306 Bessus»,
2244 3229 2254 3314 Ι
2297 3232 2359 3293 C.
2392 3232 2673 3295 Velonius
2704 3235 2899 3296 Macer

332 3333 504 3393 miles
550 3352 619 3394 ex
666 3332 867 3394 eadem
912 3335 922 3408 Ι
961 3333 1142 3394 513555
1188 3343 1247 3394 et
1292 3332 1532 3417 Valerila
1581 3334 1822 3397 Velonia
1880 3336 1961 3396 fili
2011 3335 2021 3417 Ι
2077 3334 2230 3413 patri
2287 3334 2549 3413 piissimo
2609 3336 2896 3416 fecerunt.

509 3432 737 3498 Neapoli
775 3432 853 3499 (Χ
880 3432 1016 3485 5576
1051 3434 1185 3483 vidit
1219 3434 1549 3503 Mommsen).

503 3586 677 3656 2850
742 3591 799 3650 d.
845 3608 922 3649 m.
974 3589 985 3671 Ι
1037 3589 1102 3649 L.
1149 3591 1338 3651 Salvio
1385 3591 1637 3651 Pudenti
1694 3589 1865 3650 militi
1918 3591 1930 3668 Ι
1979 3608 2051 3650 ex
2108 3591 2292 3652 classe
2348 3601 2535 3672 praet.
2581 3592 2708 3653 Mis.
2762 3590 2773 3672 Ι
2826 3590 2899 3652 de

336 3686 452 3748 111¹
493 3688 502 3769 Ι
543 3689 890 3767 Concordia,
938 3701 1057 3752 nat.
1102 3692 1301 3765 Besso,
1346 3692 1488 3753 vixit
1525 3692 1537 3774 Ι
1576 3711 1719 3753 ann.
1766 3692 1969 3753 XXXV
2015 3693 2183 3754 milit.
2231 3712 2371 3754 ann.
2414 3693 2562 3769 XVI,
2603 3691 2612 3776 Ι
2652 3694 2901 3755 Barbius

335 3788 627 3852 Crescens
670 3803 851 3854 veter.
901 3812 972 3854 ex
1010 3792 1020 3876 Ι
1061 3794 1486 3856 centurionib.²
1530 3795 1715 3857 eiusd.
1762 3796 1982 3870 5135515,
2025 3796 2035 3872 Ι
2072 3797 2244 3858 heres
2287 3796 2344 3856 b.
2392 3816 2470 3857 m.
2518 3797 2673 3858 fecit.

508 3890 740 3956 Neapoli
785 3894 861 3959 (X
889 3894 1026 3946 5570
1059 3895 1199 3944 vidit
1230 3894 1564 3962 Mommsen).
1598 3922 1669 3935 —
1707 3897 1755 3958 1)
1793 3895 1870 3946 De
1905 3899 2082 3948 eriere.
2118 3926 2183 3934 —
2221 3898 2271 3960 2)
2310 3895 2391 3958 Cf.
2425 3896 2493 3949 N.
2528 3898 2664 3948 2848
2709 3900 2817 3948 not.
2851 3897 2899 3948 4.

507 4026 674 4097 2851
744 4033 798 4093 (1.
844 4051 923 4092 m.
965 4033 974 4111 Ι
1014 4032 1121 4093 Cn.
1168 4033 1375 4094 Arrius
1421 4034 1584 4114 Myro
1639 4035 1649 4115 Ι
1703 4036 1786 4094 n.¹
1831 4034 2184 4096 Formianus
2243 4047 2355 4095 vet.
2414 4054 2486 4095 ex
2532 4034 2612 4094 0²
2672 4033 2743 4093 cl.
2804 4052 2898 4112 pr.

339 4128 548 4192 Misen.
611 4132 756 4193 1111·
813 4129 1022 4217 velata,
1078 4135 1400 4200 vix.annis
1457 4136 1503 4197 L
1572 4132 1890 4213 miensibus
1945 4135 2075 4195 vul
2133 4135 2342 4198 diebus
2406 4134 2417 4216 Ι
2482 4135 2616 4208 xll,
2674 4135 2899 4195 Valeria

340 4231 630 4315 Crispilna
678 4236 939 4297 coniunx
979 4234 989 4317 Ι
1028 4236 1086 4297 b.
1134 4256 1211 4297 m.
1259 4238 1298 4297 f.

510 4331 743 4400 Neapoli
788 4335 865 4402 (Χ
892 4339 1031 4390 5565
1077 4338 1219 4387 vidit
1260 4338 1592 4405 Mommsen).
1629 4367 1695 4375 —
1745 4338 1793 4398 1)
1837 4333 2087 4386 Natione.
2126 4363 2190 4373 —
2240 4337 2291 4399 2)
2332 4336 2628 4388 Veteranus
2670 4353 2739 4385 ea:
2785 4352 2902 4387 cen-

339 4420 571 4468 turione.
609 4448 673 4455 —
713 4423 763 4485 3)
807 4420 1040 4472 Tetrere.

512 4569 685 4640 2852
748 4576 805 4636 d.
835 4576 936 4635 ιιι*
977 4573 986 4657 Ι
1026 4574 1265 4636 Aurelio
1306 4576 1566 4637 Candido
1600 4577 1893 4637 navarcho
1939 4570 2407 4656 archigylberni²
2451 4575 2525 4636 cl.
2570 4595 2661 4656 pr.
2692 4575 2899 4636 Misen.

340 4682 402 4735 et
444 4672 720 4737 Aureliae
765 4673 1109 4758 Delmetriae
1155 4677 1348 4756 coiugi
1395 4679 1520 4741 eius
1563 4686 1624 4738 et
1678 4674 1921 4760 liberltis
1976 4676 2415 4755 libertabusque
2472 4677 2843 4757 posterisque
2891 4674 2900 4758 Ι

311 4794 606 4852 aeorum,
652 4797 715 4839 se
757 4778 869 4839 vivi
915 4779 1202 4840 fecerunt.
