3432 5387
538 271 663 331 454
1672 270 1851 338 Caput
1885 266 1979 322 IX.

537 443 836 495 Varianam
881 439 980 505 (cll
1023 438 1144 491 Tac.
1191 455 1318 491 ann.
1366 439 1423 504 4,
1456 440 1550 499 42)
1597 441 1655 488 in
1694 437 1984 488 Germania
2027 434 2289 498 inferiore
2337 437 2560 489 tetendit
2604 438 2731 489 inde
2779 441 2854 489 ab
2904 454 3132 489 excesu

536 529 773 592 Augusti
810 524 961 590 (Tac.
999 540 1124 577 ann.
1160 525 1209 587 4,
1241 525 1307 577 54
1333 540 1472 590 seq.‚·
1507 523 1610 574 Mo.
1648 523 1722 573 ad
1753 538 1893 575 mon.
1929 522 2160 590 Aneyn'
2187 539 2245 588 p.
2280 524 2346 574 68
2378 526 2488 575 not.
2526 523 2581 587 4)
2622 538 2796 588 usque
2844 524 2926 573 ad
2963 540 3021 576 a.
3058 525 3132 585 70,

534 616 718 678 postea
755 626 865 661 non
900 614 1245 661 memoratur.
1307 592 1564 661 ‘Aliorum
1602 623 1812 674 quoque
1860 608 2213 674 complurium
2252 608 2485 658 eiusdem
2521 609 2755 672 legionis
2789 607 3048 658 militum
3083 614 3135 657 et

536 701 912 747 veteranorum
948 696 1222 761 epitaphia
1257 699 1469 760 reperta
1494 698 1622 743 sunt
1643 694 1882 757 Bonnae‚
1916 708 2085 743 unum
2111 693 2364 744 Coloniae
2387 694 2730 757 Agrippinae
2764 692 2935 757 (ann.
2963 692 3132 743 Rhea.

537 782 682 847 4886,
717 780 867 842 infra
892 779 958 831 N.
983 780 1167 846 2524).
1232 778 1433 830 Eadem
1468 783 1526 829 in
1562 780 1723 829 titulo
1759 775 1913 837 infra
1949 777 2017 829 Ν.
2040 778 2181 830 2542
2219 778 2431 828 videtur
2465 777 2733 843 appellari
2770 776 3132 829 Ges-manica.

706 915 879 987 2246
945 917 1007 978 C.
1055 916 1428 996 Largennius
1467 914 1477 998 Ι
1518 916 1601 976 C.¹
1650 914 1791 975 Fab.
1826 915 2014 989 Luc.²,
2060 914 2179 975 mil.
2219 911 2231 996 Ι
2271 914 2384 993 leg.
2431 913 2517 974 11⁸
2559 924 2596 971 7
2647 914 2936 987 Scaevae,
2981 914 2995 986 Ι
3036 932 3131 974 an.

540 1021 801 1083 XXXVII
846 1022 980 1100 stip.
1024 1018 1033 1102 Ι
1071 1020 1275 1093 XVIII,
1321 1020 1379 1079 h.
1426 1038 1473 1079 s.
1521 1037 1572 1077 e.

706 1122 878 1186 Prope
907 1120 1228 1184 Strassburg
1252 1120 1325 1170 ad
1348 1121 1522 1169 vicum
1548 1116 1910 1182 Ko'nigslzol'en
1946 1133 2058 1181 rep.
2086 1116 2311 1181 (Straub
2348 1115 2638 1182 antiquitis
2665 1115 3133 1166 Gallo-rombus

539 1208 603 1257 de
640 1203 1023 1271 Konigshosen,
1060 1204 1131 1265 cll
1168 1221 1295 1256 ann.
1332 1203 1496 1255 Biton.
1519 1205 1599 1264 66,
1624 1203 1752 1253 4879
1785 1218 1837 1269 p.
1861 1203 1972 1270 72).
2000 1231 2064 1239 -
2104 1205 2153 1265 1)
2189 1200 2394 1253 Notas.
2431 1203 2696 1263 omissam,
2732 1206 2796 1250 ut
2831 1216 2951 1250 non
2994 1217 3130 1251 raro

418 1332 427 1339 .
538 1295 595 1342 in
630 1291 1073 1355 inscriptionibus
1098 1290 1329 1340 militum
1352 1289 1781 1354 provincialibus
1798 1292 2082 1352 praeterea
2109 1291 2362 1338 accurate
2394 1289 2612 1353 scriptis
2647 1283 2825 1347 (infra
2853 1284 2930 1338 Ν.
2953 1287 3133 1347 2279,-

540 1376 691 1428 tituli
722 1376 1052 1427 Carnuniini
1086 1376 1232 1427 areli.
1271 1391 1351 1440 ep.
1376 1372 1553 1425 Mittlz.
1576 1375 1605 1423 4
1639 1389 1693 1438 p.
1720 1373 1837 1433 428,
1860 1375 1894 1424 5
1926 1388 1979 1438 p.
2005 1375 2126 1434 205,
2164 1373 2598 1424 Poetovionemes
2633 1373 2701 1421 ib.
2725 1372 2789 1422 40
2817 1388 2884 1437 p.
2909 1373 3046 1436 236,
3073 1374 3132 1423 15

537 1479 589 1528 p.
626 1462 715 1525 47,
766 1462 1118 1511 Britannicus
1165 1458 1218 1513 G.
1257 1459 1362 1509 VII
1395 1458 1535 1524 794).
1569 1486 1634 1494 -
1681 1459 1734 1520 2)
1790 1455 1955 1508 Tribu
1989 1457 2192 1519 Fabia,
2238 1456 2392 1508 domo
2442 1457 2605 1508 Luca.
2648 1487 2714 1495 —
2760 1462 2813 1520 3)
2859 1459 3132 1509 Eiusdem

539 1547 766 1610 legionis
808 1544 1041 1595 militum
1088 1545 1267 1596 eodem
1318 1544 1432 1595 loco
1480 1547 1587 1592 tres
1631 1542 1732 1592 alii
1774 1542 1922 1592 tituli
1964 1542 2288 1607 sepulcrales
2315 1543 2643 1607 prodierunt
2686 1541 2786 1603 (cf.
2821 1541 3132 1595 Mommsen

544 1630 1049 1696 Kos-respondenzbl.
1086 1630 1182 1680 der
1216 1630 1402 1680 westd.
1438 1628 1701 1679 Zeitsclir.
1737 1630 1774 1678 5
1805 1644 1860 1692 p.
1898 1628 2039 1692 454),
2073 1628 2214 1678 unde
2249 1627 2436 1691 colligi
2463 1632 2660 1692 potest,
2697 1628 2973 1692 legionem
3015 1646 3128 1680 uon

532 1715 729 1781 procul
748 1717 813 1766 ab
836 1732 895 1765 eo
918 1715 1031 1765 loco
1051 1730 1153 1779 per
1177 1715 1401 1779 aliquod
1419 1718 1624 1777 tempus
1642 1716 1840 1763 stativa
1866 1714 2127 1774 habuisse,
2148 1728 2289 1762 unus
2307 1713 2516 1778 prodiit
2536 1712 2877 1777 Moguntiaci
2901 1714 3130 1775 (Bran-

539 1802 673 1852 baclz
694 1801 831 1867 946).
893 1800 973 1849 Ιη-
994 1802 1238 1851 omnibus
1273 1801 1358 1849 liis
1394 1800 1569 1849 titulis
1606 1800 1747 1863 legio
1783 1798 2091 1863 appellatur
2111 1797 2361 1862 secunda,
2396 1800 2513 1848 sine
2537 1802 2866 1863 cognomine.
2934 1800 3128 1864 Sag-m·-

534 1886 738 1947 ftcatur
784 1889 960 1934 autem
997 1883 1138 1949 legio
1181 1884 1413 1934 secunda
1464 1885 1782 1947 cognomine
1815 1882 2084 1945 Augusta,
2132 1885 2192 1932 in
2240 1880 2527 1933 Germania
2568 1886 2847 1949 superiore
2893 1885 3128 1935 tendens

538 1986 588 2020 a.
619 1985 674 2034 p.
714 1968 833 2019 Chr.
871 1969 931 2019 44
969 1966 1124 2032 (Tac.
1161 1985 1212 2019 a.
1248 1968 1297 2031 4,
1332 1968 1451 2031 57),
1493 1983 1525 2017 a
1568 1967 1792 2017 Claudio
1829 1968 1886 2015 in
1923 1966 2268 2016 Britanniam
2305 1968 2570 2019 translata
2608 1968 2762 2029 (Tac.
2800 1969 2929 2019 bist.
2964 1971 3023 2030 ὅ,
3062 1972 3125 2019 44

540 2054 610 2115 cll
648 2054 794 2103 Suet.
836 2053 987 2118 Vesp.
1021 2056 1086 2114 4,·
1128 2051 1248 2103 Tac.
1287 2069 1336 2103 a.
1375 2052 1454 2115 44,
1488 2053 1572 2112 37,
1609 2054 1730 2103 hist.
1764 2054 1820 2115 5,
1855 2052 1927 2102 22
1954 2051 2095 2118 cet.).
2175 2053 2534 2116 Argentorate·
2564 2058 2748 2119 postea
2783 2056 2940 2103 stetit
2973 2055 3120 2118 legio

543 2141 732 2188 octava
770 2139 1035 2201 Augusta.

711 2256 881 2327 2247
948 2259 1010 2319 C.
1043 2258 1222 2335 Niger
1267 2258 1328 2318 C.
1378 2260 1413 2318 s.
1451 2258 1571 2319 Pol.
1617 2260 1798 2320 miss.¹
1840 2256 1849 2339 Ι
1889 2259 2139 2334 Amasia,
2186 2268 2245 2319 et
2283 2259 2357 2320 M.
2398 2258 2408 2342 Ι
2448 2260 2756 2340 Longinus
2786 2262 2863 2321 M.
2913 2264 2954 2322 f.
2988 2263 3117 2323 Pol.

543 2362 807 2442 Gangr.²,
847 2360 857 2442 Ι
898 2362 1017 2422 mil.
1063 2360 1176 2439 leg.
1223 2360 1341 2420 111³
1384 2373 1423 2419 Υ
1473 2360 1628 2422 Laeli
1675 2360 1881 2421 Tiron.

710 2461 966 2527 Nicopoli
993 2476 1165 2528 prope
1200 2461 1603 2511 Alexandream
1638 2461 1879 2526 Aegypti
1912 2477 2024 2526 rep.
2072 2460 2184 2526 (111
2216 2461 2269 2513 S.
2303 2461 2430 2513 6607
2464 2461 2753 2513 Mommsen
2789 2463 2931 2513 vidit
2972 2469 3115 2531 ecty-

534 2553 712 2615 pum).
748 2576 810 2584 —
854 2551 901 2611 1)
937 2545 1219 2598 Missicius.
1257 2575 1325 2584 -
1363 2548 1414 2611 2)
1454 2546 1687 2610 Gangris
1722 2545 1972 2609 (Gangra
2011 2547 2264 2612 oppidum
2299 2547 2741 2613 Paphlagoniae).
2764 2577 2832 2586 —
2868 2550 2920 2612 3)
2946 2547 3115 2613 Legio

540 2636 700 2684 tertia
740 2632 1066 2701 Cyrenaica,
1102 2647 1238 2698 quae
1272 2647 1382 2681 una
1420 2646 1540 2680 cum
1576 2631 1987 2680 duoetvicesima
2028 2632 2385 2681 Deiotariana
2418 2635 2594 2697 primo
2634 2648 2691 2698 p.
2742 2633 2865 2685 Chr.
2898 2635 3112 2685 saeculo

539 2719 912 2771 Alexandriae
946 2724 1125 2768 castra
1163 2719 1352 2768 habuit
1388 2717 1418 2781 (
1421 2716 1543 2767 Tac.
1581 2718 1629 2766 Ιι.
1663 2719 1715 2778 5,
1753 2717 1779 2767 4
1799 2736 1818 2778 ,·
1853 2714 1924 2776 cs.
1963 2715 2114 2777 infra
2151 2715 2220 2768 Ν.
2254 2719 2439 2780 2282).

708 2837 884 2909 2248
947 2840 1013 2901 L.
1061 2834 1383 2921 Cattoniuls
1427 2839 1493 2899 L.
1542 2839 1580 2898 s.
1628 2835 1957 2921 Secundlus
2002 2838 2200 2900 Claud.
2261 2839 2421 2902 Viru.
2461 2839 2471 2922 Ι
2511 2859 2587 2901 m.
2644 2842 2758 2920 leg.
2805 2841 2968 2914 IIII¹‚
3013 2861 3108 2903 an.

553 2944 753 3016 XXIV,
794 2941 804 3024 Ι
844 2943 937 3004 sti.
981 2941 1110 3015 IIII,
1160 2942 1218 3001 h.
1264 2960 1310 3002 s.
1357 2960 1409 3000 e.
1484 2940 1765 3022 Hereldes
1811 2942 1964 3003 Cotti
2010 2945 2047 3003 s.
2094 2962 2146 3003 c.

711 3043 1050 3105 Moguntiaci
1074 3042 1401 3107 (Brambaclz
1423 3042 1560 3092 2058
1596 3039 1665 3103 cll
1695 3057 1752 3107 p.
1782 3040 2046 3106 XXXIV).
2070 3071 2136 3080 —
2177 3046 2225 3107 1)
2250 3042 2421 3094 Multa
2446 3043 2557 3094 alia
2583 3046 2856 3109 epitaphia
2877 3046 3106 3096 militum

540 3132 699 3179 liuius
736 3129 964 3192 legionis
994 3142 1163 3191 prope
1198 3126 1607 3190 Moguntiacum
1636 3126 1965 3191 prodierunt
1998 3128 2325 3188 (Brambaclz
2359 3129 2488 3179 4450
2504 3133 2665 3194 seq.),
2713 3128 2852 3178 unde
2888 3133 3107 3194 apparet

544 3229 659 3262 eam
688 3229 791 3278 per
825 3211 1050 3277 aliquod
1081 3215 1288 3276 tempus
1325 3216 1502 3261 castra
1540 3213 1618 3260 ibi
1642 3213 1905 3273 babuisse,
1939 3212 2146 3262 scilicet
2180 3229 2213 3263 a
2247 3216 2570 3279 temporibus
2596 3211 2828 3278 Claudii,
2864 3215 2960 3278 qui
2995 3229 3105 3263 ean

545 3300 774 3348 accitam
801 3314 869 3348 ece
896 3298 1155 3362 Hispania
1181 3297 1453 3359 suffecisse
1478 3296 1691 3347 videtur
1723 3297 1927 3362 legioni
1949 3297 2183 3348 decimae
2215 3303 2446 3362 quartae
2467 3301 2525 3347 in
2552 3298 2902 3348 Britanniam
2938 3304 3103 3349 trans-

547 3383 689 3433 latae
724 3380 822 3450 (cf.
859 3381 926 3434 Ν.
960 3382 1146 3448 2262),
1182 3397 1350 3446 usque
1384 3382 1458 3432 ad
1491 3399 1540 3433 a.
1569 3385 1631 3434 69
1670 3382 1822 3445 (Tac.
1849 3384 1968 3434 lzist.
2005 3383 2050 3447 4,
2087 3383 2151 3433 48
2175 3388 2290 3448 cet.,
2326 3381 2398 3443 cf.
2435 3380 2586 3444 infra
2626 3382 2693 3434 N.
2720 3384 2879 3435 2285.
2915 3385 3070 3444 2284)
3082 3401 3101 3444 ,-

544 3468 637 3518 sed
669 3471 727 3518 in
764 3468 874 3518 illis
910 3470 1196 3533 epitaphiis
1233 3469 1490 3528 omnibus,
1527 3474 1589 3517 ut
1623 3472 1677 3516 et
1711 3468 1859 3529 alibi,
1897 3468 2205 3532 appellatur
2240 3474 2433 3532 quarta
2471 3467 2833 3519 Macedonica.

714 3585 885 3655 2249
954 3589 1024 3658 Q.
1058 3590 1339 3648 Annaeus
1379 3587 1388 3668 Ι
1431 3587 1501 3658 Q.
1535 3590 1575 3647 f.
1609 3588 1731 3648 Pol.
1765 3587 1982 3650 Balbus
2012 3588 2441 3669 Favenltinus¹,
2489 3607 2630 3649 ann.
2662 3588 2813 3662 LIII,
2860 3589 3056 3650 meiles
3085 3587 3094 3668 Ι

609 3689 721 3768 leg.
768 3689 868 3762 V2,
927 3691 1180 3751 donatus
1226 3690 1345 3764 hiS,
1406 3687 1567 3770 Illvir
1610 3690 1943 3764 Thuburn„
2001 3692 2058 3751 h.
2105 3712 2151 3752 s.
2199 3710 2251 3751 e.
2328 3691 2480 3752 vixit
2518 3689 2528 3772 Ι
2566 3692 2836 3752 honeste.
2928 3691 2998 3751 Et
3039 3700 3098 3751 tu

551 3810 672 3852 ave.
749 3787 1063 3870 Arhiltratu
1113 3791 1183 3862 Q.
1230 3787 1488 3875 Annae[i
1529 3788 1869 3876 S]capulae.

716 3893 778 3942 In
815 3890 1009 3951 Africa
1046 3908 1106 3942 eo
1146 3895 1259 3942 loco
1294 3894 1389 3941 ubi
1422 3891 1536 3951 fuit
1566 3891 1908 3943 Thuburnica
1947 3891 2110 3957 (VIII
2128 3893 2181 3943 S.
2208 3894 2362 3944 44697
2386 3893 2523 3943 vidit
2548 3893 2789 3944 Schmidt
2822 3895 3097 3961 ectypm).

545 4006 609 4015 -—-·
643 3979 688 4037 1)
718 3977 991 4027 Oriundus
1014 3975 1125 4035 fuit
1146 3977 1429 4027 Faventia.
1479 3977 1559 4026 De
1584 3977 1738 4028 domo
1762 3994 1862 4044 per
1885 3978 2206 4028 adiectivum
2242 3978 2554 4043 significata
2579 3976 2653 4038 cf.
2678 3995 2847 4044 supra
2871 3978 2940 4032 Ν.
2962 3978 3096 4029 2046.

545 4064 695 4114 2027.
732 4064 886 4114 2029.
910 4063 1063 4124 2054,
1100 4063 1252 4122 infra
1277 4062 1346 4115 Ν.
1370 4063 1528 4114 2258.
1565 4063 1715 4114 2264.
1754 4063 1905 4116 2274.
1941 4063 2095 4114 2277.
2131 4065 2283 4119 2544.
2318 4064 2468 4117 2489.
2492 4094 2560 4102 -
2596 4065 2646 4128 2)
2679 4064 2938 4115 Fortasse
2973 4063 3097 4128 legio

548 4151 739 4213 quinta
788 4149 1056 4197 emer-citus
1107 4147 1349 4198 Caesaris
1395 4148 1677 4197 dictatoris
1724 4148 1867 4208 (bell.
1912 4147 2036 4208 Al'r.
2071 4149 2158 4199 28.
2194 4149 2273 4202 47.
2307 4151 2386 4200 60.
2421 4149 2501 4201 84.
2535 4152 2641 4213 84).
2715 4149 2825 4200 Sub
2862 4151 3099 4214 Augusto

545 4237 597 4281 et
645 4236 759 4282 eius
793 4235 1181 4284 successoribus
1217 4233 1355 4283 duae
1390 4231 1616 4292 fuerunt
1651 4233 1886 4298 legiones
1922 4236 2157 4298 quintae,
2193 4235 2409 4285 Alauda
2445 4240 2496 4283 et
2530 4233 2896 4284 Macedonica.

713 4367 888 4438 2250
951 4369 1019 4429 T.
1069 4370 1370 4449 Turpilius
1410 4370 1419 4451 Ι
1460 4371 1528 4433 Τ.
1572 4372 1612 4430 s.
1660 4371 1826 4451 Pap.‚
1871 4390 1950 4432 m.
1996 4372 2109 4452 leg.
2150 4370 2161 4455 Ι
2203 4372 2275 4432 VI
2294 4373 2330 4445 ¹,
2377 4373 2435 4432 h.
2480 4391 2526 4433 s.
2574 4391 2625 4432 e.

718 4471 780 4519 In
816 4469 1117 4521 Andalusia
1149 4487 1321 4536 prope
1347 4471 1614 4536 Estcpam‚
1650 4473 1746 4520 ubi
1780 4471 1893 4531 fuit
1931 4472 2148 4539 Ostippo
2185 4473 2436 4524 Baeticae
2474 4471 2554 4537 (ΙΙ
2586 4473 2713 4523 4442
2751 4471 2920 4524 deser.
2946 4471 3099 4536 Gripo

546 4554 891 4620 Estepanus).
930 4582 994 4592 —-
1038 4558 1083 4620 1)
1123 4555 1464 4620 Intellegitur
1501 4557 1640 4619 legio
1676 4559 1830 4606 sexta
1860 4556 2092 4621 Victrix,
2129 4573 2270 4608 anno
2303 4573 2358 4623 ρ.
2399 4557 2519 4609 Chr.
2551 4558 2616 4608 70
2653 4574 2721 4607 ea:
2755 4558 3016 4625 Hispania
3047 4557 3100 4604 in

549 4638 887 4690 Germaniam
934 4639 1085 4706 (Tac.
1132 4642 1251 4692 hist.
1288 4644 1333 4707 4,
1368 4642 1485 4708 68),
1528 4643 1624 4691 sub
1675 4641 1954 4692 Hadriano
2006 4658 2033 4690 e
2071 4639 2361 4695 Germania
2415 4646 2474 4693 in
2523 4644 2869 4694 Britanniam
2917 4643 3099 4711 (supra
