3432 5387
926 442 1096 497 Tituli
1132 443 1370 496 virorum
1406 446 1460 496 et
1493 440 1780 495 mulierum
1815 441 2020 496 ordinis
2055 440 2333 495 senatorii.
2786 440 2910 500 273

342 616 575 681 Ros-sius,
601 617 925 682 temporibus
941 615 1244 680 Magnentii
1268 616 1348 666 vel
1370 614 1680 680 Nepotiani,
1707 630 1861 680 quem
1885 615 2218 665 consulatum
2241 616 2302 665 in
2326 612 2499 674 fastos
2523 613 2774 678 vulgares
2797 631 2906 664 non

344 706 613 767 receptum
662 717 770 750 esse
813 717 920 752 non
969 706 1046 750 est
1089 703 1285 751 mirum
1332 700 1518 766 (aliter
1562 700 1625 750 de
1663 701 1816 752 tituli
1859 703 2031 749 aetate
2078 699 2416 749 iudicaverat
2449 697 2740 750 Mommsen
2789 702 2906 765 eph.

343 784 423 853 ep'.
461 786 489 837 4
520 802 578 852 p.
602 787 721 850 435,
755 786 850 835 sed
881 783 953 845 cl'.
991 787 1108 850 eph.
1143 803 1222 850 cp.
1247 787 1277 835 4
1310 801 1363 850 p.
1389 785 1528 851 486).

518 922 689 993 1239
753 923 959 984 Adelfi.
1001 921 1010 1005 Ι
1072 924 1274 984 Clodio
1308 922 1543 983 Celsino
1575 923 1793 999 insigni
1821 917 1829 1002 Ι
1865 930 1922 980 et
1951 940 2002 981 c.
2033 941 2108 995 V„
2141 923 2460 1000 praestanti
2497 920 2904 1005 benivollentia

344 1027 693 1090 auctoritate
725 1022 977 1108 iusltitia‚
1011 1027 1186 1086 (ιοιϊ.ι
1221 1024 1530 1104 regionum
1573 1021 1581 1107 Ι
1622 1024 1868 1083 duarum
1902 1023 2272 1084 memorabili
2310 1022 2321 1104 Ι
2361 1032 2421 1084 et
2449 1025 2905 1104 praeteritorum

345 1128 623 1211 iudilcum
670 1128 934 1208 exempla
972 1123 1302 1208 virtutilbus
1334 1125 1614 1187 omnibus
1636 1126 2065 1206 supergresism
2113 1125 2258 1185 ordo
2303 1121 2911 1212 splendidis1[s]imus²

346 1232 765 1294 Beneventane
802 1227 813 1310 Ι
854 1230 1100 1291 civitatis
1144 1241 1398 1310 patrono
1438 1226 1449 1311 Ι
1487 1227 1852 1308 dignissimo,

525 1348 812 1397 Beneventi
855 1346 959 1409 (IX
986 1347 1113 1399 4576
1163 1347 1303 1396 vidit
1350 1346 1667 1409 Mommsen,
1726 1351 2156 1411 recognoverunt
2201 1342 2508 1405 Hirschfeld
2554 1350 2603 1395 et
2650 1346 2909 1410 Drcssel).

350 1462 413 1472 —
459 1436 505 1496 1)
531 1431 849 1483 Cot-rectori.
884 1460 953 1469 —
990 1434 1041 1496 2)
1078 1428 1545 1500 splendidislbimus
1584 1431 1737 1497 lapis.
1773 1460 1840 1468 —
1877 1431 1956 1480 Dc
1994 1430 2176 1482 Clodio
2201 1428 2411 1492 Adelfio
2443 1428 2721 1495 praesecto
2757 1433 2908 1482 urbis

350 1535 402 1569 a.
437 1516 538 1569 554
577 1515 649 1577 cs.
687 1518 957 1567 Ammian.
993 1518 1071 1580 46,
1095 1519 1142 1577 6,
1166 1518 1202 1566 2
1242 1521 1293 1566 et
1320 1521 1604 1582 praeterea
1643 1516 1807 1568 Seeck
1843 1516 2042 1583 Symm.
2076 1532 2129 1580 p.
2155 1515 2309 1566 XCV.

522 1669 691 1740 1240
755 1671 1090 1751 Populonii.
1130 1671 1140 1753 Ι
1204 1672 1268 1731 L.
1315 1672 1527 1732 Aradio
1564 1672 1684 1731 Val.
1734 1672 1987 1732 Proculo
2035 1691 2087 1730 v.
2136 1690 2207 1743 c.‚
2249 1671 2259 1751 Ι
2297 1669 2535 1748 auguri,
2588 1670 2599 1747 Ι
2639 1668 2909 1750 pontiflci

351 1775 585 1848 maiori,
625 1774 636 1855 Ι
675 1772 1154 1853 quindecemviro
1188 1773 1369 1834 sacris
1400 1774 1708 1847 faciundis,
1750 1773 1758 1855 Ι
1799 1774 2067 1853 pontifici
2095 1772 2375 1845 Flaviali¹‚
2416 1771 2425 1851 Ι
2464 1772 2726 1851 praetori
2758 1780 2911 1833 tute-

351 1878 480 1950 lari,
520 1876 530 1958 Ι
568 1877 759 1955 legato
804 1893 915 1954 pro
947 1883 1224 1953 praetore
1252 1875 1593 1953 provinciae
1624 1876 1982 1950 Numidiae²‚
2022 1872 2032 1957 Ι
2071 1877 2481 1955 peraequatori
2514 1894 2729 1937 census
2772 1895 2912 1955 pro-

355 1979 581 2039 vinciae
628 1976 909 2038 Calleciae
959 1984 1106 2048 (sic),
1147 1975 1157 2057 Ι
1197 1975 1450 2055 praesidi
1496 1977 1835 2055 provinciae
1879 1977 2241 2057 Byzacenae‚
2283 1975 2293 2058 Ι
2333 1978 2628 2039 consulari
2673 1978 2914 2057 provin-

355 2080 483 2143 ciae
528 2080 804 2158 Europae
849 2089 908 2138 et
954 2077 1268 2149 Thraciae,
1308 2074 1319 2159 Ι
1360 2078 1657 2139 consulari
1712 2079 2050 2158 provinciae
2096 2079 2355 2153 Siciliae,
2396 2078 2406 2158 Ι
2447 2080 2644 2140 comiti
2692 2079 2917 2139 ordinis

355 2182 624 2255 secundi,
666 2181 676 2263 Ι
715 2179 917 2241 comiti
966 2178 1189 2239 ordinis
1236 2179 1432 2258 primi,
1471 2178 1482 2260 Ι
1522 2182 1869 2259 proconsuli
1899 2180 2236 2261 provinciae
2266 2182 2495 2243 Africae
2537 2182 2664 2242 vice
2703 2179 2713 2263 Ι
2752 2199 2917 2243 sacra

356 2285 642 2347 iudicanti
688 2283 938 2361 eidemq.
987 2281 1203 2343 iudicio
1248 2299 1416 2342 sacro
1460 2278 1470 2362 Ι
1511 2300 1617 2360 per
1658 2283 1992 2362 provincias
2039 2284 2520 2362 proconsularem
2567 2293 2626 2345 et
2661 2280 2672 2366 Ι
2712 2284 2919 2345 Numi-

355 2388 509 2448 diam
554 2386 865 2468 Byzacium
911 2403 981 2446 ac
1024 2383 1308 2463 Tripolim
1349 2382 1359 2463 Ι
1401 2383 1658 2462 itemque
1703 2384 2124 2445 Mauretaniam
2171 2385 2508 2447 Sitifensem
2563 2396 2622 2447 et
2658 2390 2669 2462 Ι
2709 2387 2917 2447 Caesa-

355 2490 613 2550 riensem
658 2487 666 2568 Ι
705 2489 1019 2568 perfuncto
1066 2485 1262 2546 officio
1308 2486 1715 2563 praefecturae
1760 2486 2113 2564 praetorio³‚
2154 2484 2165 2567 Ι
2204 2489 2403 2549 comiti
2447 2489 2660 2549 iterum
2693 2490 2919 2550 ordinis

355 2591 535 2671 primi
580 2590 732 2650 intra
779 2589 1093 2661 Palatium,
1134 2587 1144 2669 Ι
1183 2588 1483 2666 praefecto
1529 2587 1664 2647 urbi
1707 2587 1834 2646 vice
1879 2605 2044 2647 sacra
2087 2588 2302 2650 iterum
2348 2590 2681 2665 iudicanti⁴‚
2723 2590 2732 2672 Ι
2771 2610 2917 2652 con-

359 2692 474 2756 suli
521 2690 865 2754 ordinario.¹⁵
905 2689 913 2772 Ι
974 2690 1126 2752 Huic
1171 2709 1392 2771 corpus
1434 2687 1768 2751 suariorum
1815 2699 1874 2750 et
1924 2691 2461 2753 confectuariorum
2514 2695 2524 2771 Ι
2577 2692 2920 2755 auctoribus

357 2796 629 2876 patronis
675 2813 746 2856 ex
790 2794 1002 2855 affectu
1049 2793 1238 2853 eidem
1284 2793 1413 2852 iure
1457 2791 1657 2852 debito
1696 2795 1705 2868 Ι
1746 2800 1998 2852 statuam
2057 2800 2309 2871 patrono
2354 2794 2535 2874 digno
2580 2795 2915 2874 ponendam

359 2896 610 2958 censuit.

530 3011 729 3063 Romae
774 3028 886 3077 rep.
932 3015 992 3061 in
1034 3015 1211 3061 monte
1248 3010 1428 3062 Caelio
1473 3027 1521 3061 a.
1558 3008 1712 3073 4564,
1763 3013 1912 3060 extat
1956 3011 2014 3059 in
2052 3009 2178 3062 villa
2215 3010 2467 3064 Caeliana
2504 3013 2921 3066 Matthaeiorum

362 3097 614 3161 (714690
649 3097 786 3147 vidit
810 3097 1065 3160 Henzen).
1127 3095 1334 3147 Similis
1367 3094 1482 3155 s'm't
1516 3097 1655 3145 basis
1690 3095 1857 3145 eidem
1887 3095 2103 3146 Valerio
2134 3097 2361 3148 Proculo
2398 3098 2642 3149 dedicata
2678 3116 2711 3150 a
2737 3100 2924 3151 Puteo·

363 3183 507 3234 lanis
531 3181 825 3246 (714694).
846 3209 918 3220 -
945 3184 993 3244 1)
1033 3179 1113 3242 Cf.
1149 3195 1315 3246 supra
1352 3179 1419 3231 N.
1443 3181 1540 3232 705
1574 3185 1689 3231 not.
1713 3182 1794 3233 42.
1822 3209 1884 3219 —
1912 3183 1962 3246 2)
1985 3181 2067 3230 Dc
2100 3183 2199 3232 hoc
2231 3197 2450 3233 munere
2487 3184 2556 3246 cs:
2581 3184 2686 3237 Mo.
2714 3186 2767 3237 C.
2794 3185 2927 3236 VIII

354 3283 413 3335 p.
438 3269 552 3318 408.
576 3295 641 3305 —
669 3269 722 3330 3)
759 3266 887 3318 Cum
915 3265 1213 3332 proconsul
1247 3270 1382 3316 esset
1401 3264 1640 3326 Africae,
1678 3268 1827 3317 iussu
1855 3269 2123 3332 „vr-incipis
2157 3269 2317 3318 etiam
2349 3270 2493 3320 vices
2521 3268 2924 3335 praefectorum

355 3354 639 3418 praetorio
673 3354 787 3416 egit
812 3366 916 3417 per
950 3351 1237 3401 dioecesem
1260 3348 1600 3410 Africanam.
1628 3379 1687 3387 —
1719 3354 1770 3415 4)
1795 3350 2104 3411 Praefectus
2139 3353 2264 3402 urbi
2295 3351 2409 3413 suit
2435 3355 2694 3406 Proculus
2728 3372 2778 3411 a.
2802 3356 2924 3408 357.

363 3465 431 3477 --
469 3439 521 3501 5)
555 3440 619 3490 A.
654 3437 770 3489 340.
809 3464 870 3472 —
908 3436 1032 3486 Post
1069 3437 1164 3486 has
1199 3437 1346 3486 bases
1376 3438 1584 3502 positas
1616 3437 1875 3487 Proculus
1909 3435 2091 3496 factus
2125 3441 2203 3488 est
2235 3441 2430 3489 iterum
2458 3437 2769 3505 praefectus
2803 3443 2927 3491 urbi

365 3539 415 3573 a.
451 3521 626 3588 354l2.
697 3520 841 3571 Idem
878 3521 1179 3571 celebratur
1214 3521 1361 3586 apud
1394 3521 1775 3588 Symmachum
1812 3538 1891 3587 cp.
1927 3521 1974 3585 4,
1998 3523 2050 3573 2.

539 3620 704 3691 1241
772 3623 867 3683 hic
912 3623 1003 3684 bis
1046 3624 1377 3702 praefectus
1419 3624 1692 3703 patriae²‚
1733 3623 1744 3707 Ι
1783 3626 2116 3705 praefectus
2161 3635 2221 3687 et
2263 3627 2417 3687 idem
2458 3628 2469 3702 1

774 3725 871 3786 hic
918 3724 1188 3805 Libyae2,
1236 3725 1389 3785 idem
1436 3724 1655 3805 Libyae
1692 3725 1701 3808 Ι
1747 3727 2070 3806 proconsul
2113 3735 2172 3788 et
2217 3737 2374 3800 ante,
2416 3724 2427 3807 Ι

780 3837 874 3888 ter
917 3828 1041 3888 vice
1086 3826 1185 3905 qui
1232 3844 1396 3887 sacra
1435 3822 1445 3898 Ι
1483 3827 1760 3888 discinxit
1802 3828 1990 3908 iurgia
2033 3828 2259 3897 iudex³,
2300 3825 2309 3910 Ι

777 3928 989 3990 consul
1034 3938 1094 3989 et
1136 3939 1379 3988 aeterno
1418 3927 1429 4009 Ι
1468 3929 1764 3991 decoravit
1811 3931 2052 3991 nomine
2096 3931 2294 3992 fastos
2336 3930 2347 4011 Ι

779 4030 989 4092 Cetera
1034 4030 1174 4110 quid
1220 4048 1542 4092 memorem
1582 4027 1592 4112 Ι
1632 4039 1795 4093 tanto
1840 4032 1952 4094 sub
1997 4032 2190 4094 iudice
2233 4042 2414 4113 gesta,
2455 4034 2465 4113 Ι

781 4151 914 4193 cum
962 4132 1280 4193 Proculum
1325 4132 1520 4194 videas
1558 4130 1569 4214 Ι
1608 4141 1734 4193 toto
1782 4134 1884 4212 qui
1931 4144 2104 4195 natus
2148 4135 2364 4196 honori
2408 4134 2541 4197 est?
2578 4135 2590 4220 Ι

679 4233 1000 4314 Collegium
1047 4235 1379 4296 suariorum
1424 4246 1677 4315 patrono
1716 4234 1727 4316 Ι
1768 4236 2258 4313 prestantissima.

547 4349 746 4401 Romae
780 4367 890 4417 rep.
926 4354 1004 4401 ibi
1035 4353 1130 4401 ubi
1165 4350 1232 4403 N.
1257 4352 1389 4403 4240
1414 4353 1517 4412 (VI
1538 4352 1673 4404 4695
1700 4355 1912 4418 saepius
1936 4354 2201 4420 descripta
2226 4371 2361 4408 saec.
2386 4354 2558 4424 XVI).
2581 4385 2650 4395 —
2675 4359 2726 4420 1)
2750 4356 2934 4422 Signi-

368 4438 614 4502 ficantur
659 4436 798 4486 duae
844 4438 1086 4488 urbanae
1121 4434 1504 4502 praefecturae
1540 4438 1762 4489 Proculi
1806 4436 1902 4503 (cf.
1939 4439 2014 4488 ad
2045 4437 2113 4491 N.
2149 4440 2321 4507 4240).
2370 4469 2438 4479 -
2488 4444 2537 4507 2)
2575 4440 2936 4506 Significatur

375 4523 780 4574 administratio
816 4521 1071 4573 dioecesis
1106 4520 1405 4582 Africanae
1442 4521 1535 4583 (N.
1561 4523 1690 4575 4240
1727 4527 1836 4574 not.
1859 4525 1940 4586 5⁷).
1979 4551 2044 4560 —
2081 4526 2132 4587 3)
2171 4525 2300 4576 Vice
2333 4541 2489 4577 sacra
2526 4526 2791 4578 iudicavit
2817 4530 2936 4594 pri-

371 4624 519 4661 mum
548 4608 847 4675 proconsul
878 4606 1124 4673 Africae,
1157 4611 1355 4658 iterum
1392 4609 1714 4674 tertiumque
1745 4606 2056 4674 praefectus
2089 4610 2231 4662 urbi.

546 4707 718 4780 1242
1246 4710 1577 4790 Populonii.
1619 4711 1629 4794 Ι

782 4811 886 4872 Ille
939 4830 1049 4891 ego
1094 4830 1226 4873 sum
1270 4812 1586 4889 Proculus,
1627 4815 1636 4893 Ι
1676 4822 1836 4876 totus
1873 4815 1973 4893 qui
2020 4823 2191 4877 natus
2234 4816 2468 4877 honori.
2509 4813 2521 4900 Ι

476 4919 666 4971 nassau,
692 4919 1022 4973 Inscriptloues
1047 4918 1254 4964 Latinae.
2468 4920 2531 4971 18
