3432 5387
542 392 662 454 356
1676 398 1855 468 Caput
1888 397 1984 453 VI.

563 628 569 634 ,
709 550 878 621 1747
945 598 962 613 .
1008 598 1023 612 .
1070 598 1086 612 .
1135 597 1150 611 .
1197 564 1256 612 et
1312 552 1504 631 plebei
1564 553 1776 631 collegi
1832 553 2198 614 Concordiae
2242 554 2743 633 Augustianorum
2794 558 2805 630 Ι
2857 556 3123 617 familiae

540 657 886 728 castrensiS,
937 653 948 734 Ι
1000 655 1332 716 Alexander
1391 654 1801 715 Marcellianus
1857 664 1916 714 et
1959 653 2326 733 Encolphius
2363 656 2374 733 Ι
2413 654 2882 717 Domitianianus
2939 657 3121 719 cubi-

540 760 720 824 culari
763 757 1033 820 stationis
1078 757 1320 836 primae,
1367 757 1422 816 d.
1469 754 1526 815 d.

714 857 926 917 Romae,
961 871 1108 906 nunc
1146 855 1336 909 Urbini
1372 855 1475 913 (VJ
1505 856 1646 907 8552
1681 854 1821 905 vidit
1856 855 2174 922 Bor-manu).

710 975 884 1046 1748
946 977 1003 1038 d.
1048 997 1126 1037 m.
1167 976 1177 1060 Ι
1218 975 1281 1035 Ρ.
1328 975 1454 1037 Aeli
1500 978 1648 1055 Aug.
1693 974 1794 1035 lib.
1836 971 1846 1055 Ι
1887 975 2267 1054 chrysanthi,
2313 995 2371 1054 q.
2419 980 2456 1036 t'.
2498 974 2508 1058 Ι
2547 997 2578 1036 3
2638 980 2814 1037 frum.
2860 978 3040 1049 cub.¹,
3104 977 3118 1061 Ι

544 1083 1051 1162 Parthenopaeus,
1096 1079 1168 1139 ab
1208 1078 1218 1158 Ι
1258 1078 1427 1157 aeg.²,
1473 1088 1532 1138 et
1575 1077 1890 1156 Epiterpes
1928 1072 1938 1157 Ι
1977 1077 2210 1154 colleg.⁸
2251 1077 2261 1156 Ι
2300 1078 2358 1138 h.
2402 1096 2480 1138 m.
2525 1080 2567 1138 f.

709 1180 911 1233 Romae
954 1178 1063 1244 (VI
1101 1178 1224 1229 8774
1271 1177 1409 1227 vidit
1444 1176 1702 1242 Henzen).
1738 1204 1806 1215 ——
1846 1179 1895 1238 1)
1934 1176 2038 1239 ραι·
2078 1175 2191 1236 fuit
2232 1195 2266 1227 a
2310 1177 2584 1237 frumento
2630 1180 3116 1232 cubicular-iarun.

535 1293 610 1308 —
643 1270 695 1333 2)
729 1268 812 1318 Ab
848 1266 1045 1330 aegris.
1080 1292 1149 1301 —-
1185 1265 1237 1327 3)
1277 1261 1537 1326 Collegae.

708 1383 879 1454 1749
944 1385 1020 1445 Μ.
1066 1383 1241 1463 Ulpio
1279 1382 1288 1462 Ι
1331 1385 1478 1461 Aug.
1525 1381 1562 1441 1.
1610 1381 1915 1460 Stephano
1955 1378 1967 1460 Ι
2004 1380 2078 1440 ab
2129 1383 2320 1461 aegris
2357 1380 2368 1463 Ι
2408 1383 2836 1457 cubuclarior.,
2886 1384 2896 1465 Ι
2936 1385 3111 1465 Ulpia

539 1490 693 1552 ltalia
730 1488 742 1561 Ι
782 1505 935 1548 uxor
978 1487 1037 1547 b.
1083 1504 1161 1545 m.
1211 1487 1320 1545 sec.

712 1587 935 1652 Romae,
970 1587 1098 1637 olim
1143 1588 1202 1634 in
1238 1587 1329 1635 via
1368 1585 1544 1648 Appia
1591 1582 1621 1648 (
1621 1584 1695 1634 VI
1728 1584 1885 1643 8770‚·
1934 1583 2072 1633 Ball.
2109 1598 2239 1636 com.
2277 1584 2405 1636 4886
2437 1600 2491 1649 p.
2529 1586 2663 1648 ¹145,-
2709 1585 2886 1640 Rome.
2925 1586 3104 1638 Mina.

536 1678 666 1729 4890
693 1691 751 1741 p.
785 1673 895 1741 94).

710 1808 883 1879 1750
947 1809 1036 1869 Ti.
1085 1806 1359 1868 Claudius
1404 1807 1551 1883 Aug.
1592 1805 1602 1882 Ι
1643 1805 1680 1864 1.
1713 1803 2047 1874 Quadratus
2091 1803 2239 1864 dec.⁸
2279 1804 2288 1886 Ι
2331 1805 2678 1865 lecticarior.
2725 1806 3051 1868 Britannici
3068 1809 3110 1878 ²,

599 1915 712 1977 vix.
755 1932 855 1976 an.
898 1910 1020 1972 LX.

542 1914 553 1998 Ι
714 2013 914 2065 Romae
957 2010 1063 2073 (VI
1093 2009 1228 2060 8875
1262 2008 1540 2072 descripsit
1573 2006 1845 2068 Smelius).
1880 2032 1949 2041 —
1988 2007 2035 2067 1)
2068 2005 2322 2059 Dec-urio.
2358 2033 2424 2042 —
2462 2008 2512 2070 2)
2548 2006 2762 2058 Claudii
2792 2008 2956 2070 filius.

717 2128 884 2198 1751
955 2128 1243 2208 Olympus
1287 2126 1480 2186 Liviae
1525 2124 1697 2185 Drusi
1745 2124 1998 2184 Caesar.¹
2044 2124 2395 2186 lecticarius.

713 2229 911 2282 Romae
955 2232 1015 2279 in
1072 2227 1402 2278 columbario
1452 2239 1563 2289 rep.
1623 2227 1682 2274 in
1730 2239 1833 2288 quo
1883 2222 1949 2274 N.
1995 2224 2119 2275 4747
2149 2242 2253 2289 seq.
2300 2224 2407 2286 (VI
2449 2227 2581 2278 4349
2636 2229 2797 2277 semel
2839 2228 3105 2293 descripta

541 2333 678 2369 saec.
714 2315 856 2382 XV).
891 2343 958 2352 —
1001 2315 1046 2376 1)
1083 2312 1161 2360 De
1198 2309 1384 2370 Livia,
1426 2309 1597 2359 Drusi
1635 2309 1878 2359 Caesaris
1920 2306 1997 2358 Τι’.
2033 2306 2078 2367 l'.
2112 2325 2313 2374 uxore,
2361 2307 2430 2370 cll
2466 2327 2633 2376 supra
2677 2310 2745 2363 Ν.
2782 2313 2901 2375 470,
2949 2314 3104 2372 infra

543 2401 612 2454 Ν.
646 2402 794 2452 4752.
829 2400 980 2451 4828,
1019 2398 1166 2449 4843.

717 2518 890 2589 1752
956 2517 1302 2589 Antiochus,
1348 2514 1559 2575 luliae¹
1599 2510 1611 2594 Ι
1651 2512 1825 2573 Drusi
1872 2513 2136 2574 Caesaris
2179 2532 2359 2592 supra
2396 2513 2407 2596 Ι
2448 2515 2805 2588 lecticarios,
2866 2517 3036 2578 fecit²
3099 2515 3112 2597 Ι

551 2623 822 2685 Claudiae
869 2621 1066 2681 Cedne
1105 2616 1116 2700 Ι
1155 2616 1395 2697 coniugi
1439 2633 1579 2676 suae
1625 2614 1817 2676 fecit2.

714 2723 911 2775 Romae
947 2724 1006 2772 in
1043 2720 1375 2771 columbario
1411 2717 1591 2767 eodem
1625 2719 1686 2766 in
1724 2732 1828 2781 quo
1863 2715 1931 2768 Ν.
1966 2716 2101 2767 4588
2133 2732 2244 2780 rep.
2284 2715 2388 2782 (VI
2417 2717 2552 2768 5498
2585 2718 2728 2767 vidit
2763 2719 3017 2784 Hannon).
3040 2746 3113 2756 —

549 2815 596 2874 1)
632 2807 991 2874 Significatu?
1025 2808 1141 2855 sine
1177 2805 1338 2854 dubio
1373 2802 1557 2852 eadem
1591 2817 1738 2851 uxor
1772 2800 1942 2850 Drusi
1978 2800 2220 2851 Caesaris
2261 2798 2340 2854 Ti.
2374 2798 2447 2863 Ιί,
2494 2817 2630 2866 quae
2672 2801 2740 2854 N.
2776 2803 2933 2863 4754,·
2983 2805 3110 2853 huic

544 2896 707 2944 etiam
749 2908 942 2944 nomen
979 2890 1149 2941 Iuliae
1191 2886 1360 2947 fuisse
1393 2885 1604 2935 indicat
1636 2884 1887 2935 Zonaras
1931 2886 2011 2948 44,
2043 2886 2098 2936 2.
2132 2913 2200 2922 —
2235 2888 2287 2947 2)
2330 2884 2471 2938 Fecit
2506 2888 2585 2937 bis
2617 2890 2870 2953 positum,
2907 2905 3112 2941 more.

714 3010 885 3080 1753
953 3011 1245 3088 Philargu.
1293 3008 1606 3068 lecticarus
1652 3012 1779 3078 (sie)
1837 3003 1844 3084 Ι
1907 3007 2241 3067 Octaviaes¹
2281 3005 2292 3086 Ι
2333 3008 2821 3087 Stephanianus²,
2873 3008 2883 3089 Ι
2936 3028 3114 3071 ossua

547 3116 674 3176 eius
718 3114 847 3174 heic
886 3116 898 3194 Ι
936 3113 1042 3173 sita
1088 3120 1246 3172 sunt.

714 3211 886 3281 1754
949 3213 1099 3273 Eros
1143 3210 1464 3272 Antoniaes
1502 3209 1513 3290 Ι
1552 3210 1831 3271 minoris¹
1877 3209 2036 3269 lect.⁸

715 3313 911 3365 Romae
945 3328 1058 3378 rep.
1100 3316 1257 3361 extra
1295 3315 1514 3376 portam
1552 3310 1848 3372 Salariam,
1896 3310 2041 3372 cippi
2076 3309 2180 3359 duo
2233 3310 2397 3374 (Ball.
2445 3326 2575 3364 com.
2613 3313 2743 3363 4887
2776 3329 2827 3377 p.
2865 3313 3005 3379 463).
3049 3341 3114 3350 -

549 3403 599 3465 1)
627 3401 863 3459 Octavia,
887 3399 1123 3462 Augusti
1145 3411 1318 3456 soror,
1350 3399 1401 3444 et
1423 3393 1664 3456 filiarum
1687 3397 1804 3444 eius
1826 3397 1961 3442 natu
1984 3395 2209 3443 minima
2223 3393 2459 3454 fortasse
2481 3396 2718 3447 nondum
2736 3397 2915 3447 Druso
2939 3403 3113 3462 nupta

547 3484 643 3546 (ch
679 3484 747 3537 N.
783 3483 953 3548 4695).
992 3510 1056 3518 --
1094 3484 1147 3544 2)
1185 3480 1282 3546 pha
1320 3481 1534 3530 litterae
1569 3479 1771 3543 ligatae
1803 3481 1942 3530 eunt.
1982 3505 2046 3515 —
2085 3480 2134 3537 3)
2176 3478 2522 3532 Lecticarius.

716 3699 886 3769 1755
954 3703 1322 3782 Chrysaspis¹
1365 3701 1375 3781 Ι
1416 3702 1770 3781 Agripinae¹
1816 3705 1944 3774 (sic)
1998 3720 2175 3780 supra
2232 3712 2411 3763 veste.
2445 3699 2469 3784 ΙΙ
2512 3703 2814 3764 Heliconis
2857 3703 3114 3765 Narcissi

551 3805 560 3887 Ι
610 3804 958 3883 Augustiani
1017 3813 1077 3863 et
1120 3802 1483 3864 Heliconidis
1520 3805 1532 3880 Ι
1569 3802 1718 3874 fllia,
1776 3802 1888 3862 vix.
1934 3820 2075 3863 ann.
2123 3802 2221 3863 111.
2262 3801 2272 3885 Ι
2314 3802 2615 3865 Heliconis
2659 3805 3057 3885 Agrippinae²
3102 3804 3113 3888 Ι

545 3906 838 3978 vestiflca,
895 3906 1007 3966 vix.
1055 3923 1196 3965 ann.
1241 3903 1450 3975 XXVI,
1491 3901 1501 3984 Ι
1542 3915 1677 3983 post
1722 3903 2048 3964 triennium
2093 3904 2344 3965 decessit
2386 3905 2586 3965 eadem
2626 3906 2636 3989 Ι
2676 3906 2770 3967 die
2816 3926 2931 3987 qua
2978 3908 3112 3968 filia.

557 4008 564 4013 ’
687 4003 884 4057 Romae
916 4009 976 4055 in
1000 4002 1178 4055 eodem
1206 4003 1535 4055 columbario
1568 4007 1627 4053 in
1652 4020 1757 4069 quo
1782 4002 1849 4053 N.
1874 4004 2007 4054 4588
2042 4002 2072 4068 (
2068 4002 2123 4053 V
2119 4004 2149 4053 Ι
2164 4005 2301 4055 5206
2322 4005 2458 4054 vidit
2481 4005 2739 4073 nouzon).
2763 4034 2830 4045 ——
2870 4009 2918 4070 1)
2940 4008 3117 4058 Antea

544 4094 804 4157 scriptum
828 4095 948 4140 erat
982 4088 1316 4157 Chrysippus,
1352 4089 1544 4138 deinde
1578 4090 1873 4152 repositum
1908 4089 1968 4137 id
2000 4087 2145 4153 quod
2180 4089 2393 4152 legitur.
2417 4118 2486 4127 —
2522 4092 2572 4151 2)
2600 4090 2750 4144 Uxor
2788 4090 3111 4144 Germanici.

716 4207 886 4278 1756
949 4209 1038 4271 dis
1082 4188 1407 4290 manibus}
1448 4208 1677 4269 Coeliae
1721 4207 1948 4287 Dynate
1987 4205 1998 4289 Ι
2036 4207 2114 4268 Μ.
2159 4208 2367 4288 Ulpius
2404 4212 2554 4288 Aug.
2598 4210 2699 4272 lib.
2741 4210 2753 4293 Ι
2790 4212 3034 4274 Valens¹
3081 4176 3115 4273 a

542 4326 704 4375 veste
760 4313 902 4392 imp.
943 4312 953 4393 Ι
993 4312 1249 4392 privata,
1311 4309 1550 4389 coniug.
1608 4308 1817 4369 kariss.
1855 4307 1865 4391 Ι
1906 4310 2342 4383 sanctissimae,
2392 4309 2402 4385 Ι
2456 4330 2590 4372 cum
2649 4331 2765 4392 qua
2818 4314 2960 4375 vixit
3016 4334 3113 4376 an.

544 4413 835 4474 XXXVIII
873 4413 883 4497 Ι
923 4415 1053 4476 sine
1098 4414 1367 4486 crimine,
1413 4422 1473 4471 et
1517 4410 1628 4472 sibi
1667 4407 1678 4491 Ι
1718 4421 1778 4471 et
1819 4411 1943 4472 suis
1985 4410 2212 4473 libertis
2250 4409 2261 4493 Ι
2301 4411 2742 4493 libertabusque
2780 4414 2791 4498 Ι
2830 4416 3115 4495 posteris-

543 4534 661 4594 que
699 4514 712 4596 Ι
750 4534 976 4577 eorum.

715 4613 912 4665 Romae
960 4613 1069 4681 (VJ
1094 4618 1230 4666 8550
1266 4615 1406 4665 vidit
1440 4615 1693 4677 Henzen).
1732 4639 1792 4651 —
1848 4617 1896 4675 1)
1944 4614 2088 4664 Idem
2125 4615 2323 4667 Valens
2363 4615 2592 4668 Traiani
2641 4620 2861 4671 libertus
2904 4638 2937 4672 a
2970 4628 3112 4674 veste

539 4701 727 4763 posuit
761 4700 978 4749 titulum
1014 4699 1164 4760 infra
1203 4698 1269 4751 N.
1304 4701 1453 4751 4792.
