3432 5387
1665 1181 1951 1250 OAPVT
1998 1184 2135 1249 VII.

890 1360 1244 1442 TITVLI
1303 1359 2083 1444 APPARITORVM
2142 1361 2271 1443 ΕΤ
2337 1360 2919 1446 SERVORVM

1543 1493 2263 1580 PVBLIGORVM.

794 1774 960 1844 1877
1027 1779 1088 1840 C.
1139 1780 1431 1852 Octavius,
1478 1778 1750 1839 Octaviae
1787 1776 1797 1860 Ι
1838 1780 2086 1858 Augusti
2119 1780 2339 1842 sororis
2372 1780 2429 1854 1.,
2470 1776 2480 1857 Ι
2518 1780 2761 1862 Αυοωε,
2806 1797 2922 1841 scr.
2970 1781 3143 1842 libr.¹
3201 1777 3214 1864 Ι

623 1879 816 1941 Viccia
863 1879 925 1940 C.
971 1879 1009 1940 1.
1058 1881 1288 1942 Gnome
1334 1899 1500 1942 uxor.

791 1977 989 2030 Romae
1023 1981 1131 2040 (VI
1158 1981 1287 2032 8881
1325 1981 1613 2045 aliquoties
1647 1981 1916 2046 descripta
1953 1997 2089 2033 saec.
2125 1981 2296 2048 XVI).
2332 2008 2399 2019 -
2440 1984 2488 2046 1)
2524 1980 2713 2032 Ser-iba
2752 1981 3027 2034 librarius.

801 2113 975 2183 1878
1039 2115 1117 2177 Μ.
1164 2116 1338 2196 Ulpio
1385 2115 1653 2177 Celsiano
1694 2116 1704 2196 Ι
1744 2115 1938 2177 scribe
1982 2116 2204 2188 librar..
2244 2119 2254 2197 Ι
2293 2135 2365 2178 ex
2411 2117 2650 2179 decreto
2687 2116 2698 2200 Ι
2739 2114 3036 2203 ordini[s].

799 2214 998 2266 Romae
1030 2231 1143 2281 rep.
1180 2218 1239 2265 in
1276 2218 1420 2266 atrio
1463 2216 1652 2267 Vestae
1688 2214 1857 2280 (Bau.
1896 2231 2026 2267 eom.
2062 2218 2191 2268 4884
2224 2232 2277 2282 p.
2314 2218 2419 2274 Η).

637 2311 3202 2323 ..Μ-

796 2367 965 2437 1879
1880 2376 1936 2432 1.

890 2472 952 2533 C.
997 2470 1237 2532 Avillius
1281 2471 1547 2533 Licinius
1591 2472 1836 2533 Trosius
1880 2474 2151 2533 curat0r¹
2193 2471 2202 2553 Ι
2243 2473 2502 2534 scholam
2547 2473 2619 2534 de
2663 2493 2773 2536 suo
2819 2476 2973 2536 fecit.

1875 2606 1935 2668 2.

886 2711 1120 2790 Bebryx
1150 2710 1298 2789 Aug.
1332 2710 1370 2770 l.
1403 2710 1781 2786 Drusianus²‚
1814 2713 1881 2770 A.
1916 2710 2132 2773 Fabius
2161 2710 2448 2785 Xanthus,
2480 2710 2650 2784 cur.⁸‚
2696 2711 2907 2773 scribis
2938 2712 3206 2773 librariis

631 2822 689 2874 et
742 2812 1141 2893 praeconibus
1200 2813 1327 2873 aed.
1388 2813 1540 2873 cur.⁴
1598 2813 1860 2874 scholam
1918 2813 1991 2874 ab
2045 2813 2321 2874 inchoato
2367 2814 2737 2887 refecerunt,
2797 2813 3206 2875 marmoribus

634 2923 1024 2988 ornaverunt,
1071 2914 1386 2975 Victoriam
1434 2914 1756 2993 Augustam
1804 2924 1862 2975 et
1907 2914 2076 2976 sedes
2120 2932 2337 2977 aeneas
2382 2923 2442 2975 et
2484 2923 2679 2976 cetera
2726 2925 3076 2977 ornamenta
3122 2917 3205 2977 de

632 3035 737 3078 sua
781 3017 1033 3096 pecunia
1080 3017 1370 3076 fecerunt.

888 3216 1121 3297 Bebryx
1150 3220 1298 3297 Aug.
1332 3219 1369 3278 1.
1397 3219 1778 3293 Drusianus²,
1810 3222 1877 3281 A.
1902 3219 2119 3281 Fabius
2140 3219 2428 3294 Xanthus,
2461 3220 2630 3293 ουκ-,3,
2663 3218 2948 3297 imagines
2977 3235 3201 3297 argen-

631 3330 757 3381 teas
807 3320 1053 3380 deorum
1099 3322 1362 3399 septem⁸
1418 3330 1555 3401 post
1610 3321 2039 3383 dedicationem
2087 3321 2320 3382 scholae
2381 3331 2439 3383 et
2495 3322 2755 3383 mutulos
2798 3339 2934 3381 cum
2982 3318 3203 3381 tabella

641 3442 823 3484 aenea
868 3422 939 3482 de
982 3440 1085 3483 sua
1132 3422 1385 3501 pecunia
1431 3423 1741 3484 dederunt.

889 3626 957 3685 Α.
990 3625 1206 3686 Fabius
1236 3625 1524 3699 Xanthus,
1570 3626 1801 3706 Bebryx
1834 3626 1983 3704 Aug.
2022 3625 2059 3686 1.
2094 3626 2438 3699 Drusianus,
2482 3625 2654 3699 cur.³,
2700 3624 2913 3687 scribis
2939 3624 3201 3685 librariis

634 3736 695 3787 et
737 3726 1134 3806 praeconibus
1189 3726 1357 3787 aedil.
1416 3730 1568 3789 cur.⁴
1617 3728 1878 3789 scholam
1924 3727 1996 3788 ab
2043 3728 2321 3788 inchoato
2379 3729 2748 3802 refecerunt,
2805 3726 3202 3788 marmoribus

635 3838 1032 3899 ornaverunt,
1102 3828 1414 3889 Victoriam
1473 3832 1797 3910 Augustam
1858 3839 1912 3890 et
1973 3829 2142 3890 sedes
2199 3848 2412 3891 aeneas
2474 3839 2533 3889 et
2586 3838 2778 3890 cetera
2851 3837 3200 3890 ornamenta

635 3929 949 3992 dederunt.

889 4030 1111 4090 Romae,
1155 4030 1463 4095 epistylium
1511 4032 1784 4096 utrimque
1825 4033 2115 4096 seriptum,
2162 4047 2273 4097 rep.
2322 4033 2378 4081 in
2427 4029 2554 4091 l'oro
2595 4029 2785 4095 paullo
2829 4034 2953 4079 ante
2997 4044 3200 4080 annum

634 4117 793 4178 4543,
838 4131 967 4166 mox
1005 4116 1173 4181 periit
1222 4113 1330 4179 (VI
1360 4114 1460 4165 403
1504 4113 1576 4175 cl:
1615 4115 1841 4166 Huelsen
1875 4114 2053 4167 Boem.
2087 4114 2262 4167 Mittit.
2299 4116 2432 4168 4888
2477 4131 2533 4181 p.
2570 4115 2714 4181 220).
2778 4114 3011 4180 Utraque
3043 4112 3201 4174 l'rons

635 4201 877 4267 epistylii
900 4200 1035 4249 duos
1071 4199 1253 4249 titulos
1279 4200 1482 4260 habuit,
1520 4199 1693 4250 altera
1718 4198 1786 4252 N.
1813 4200 1841 4249 4
1880 4203 1933 4249 et
1952 4202 2006 4265 2,
2043 4201 2216 4252 altera
2252 4200 2321 4255 N.
2355 4202 2393 4253 5
2420 4204 2470 4250 ee
2489 4202 2537 4251 4.
2603 4198 2841 4251 Titulum
2864 4198 2892 4250 4
2930 4201 2991 4249 in
3026 4200 3199 4249 locum

635 4283 862 4335 alteo-ius
885 4284 1036 4334 tituli
1056 4287 1200 4335 erasi
1229 4286 1574 4335 substitutum
1602 4282 1789 4348 fuisse,
1825 4287 1922 4350 qui
1942 4284 2137 4335 similis
2156 4284 2331 4346 fuera
2353 4285 2501 4336 tituli
2520 4287 2576 4347 5,
2614 4287 2845 4336 coniecit
2866 4284 3109 4335 Huelsen.
3132 4312 3199 4320 —

634 4369 688 4432 1)
736 4368 971 4420 Curator
1015 4366 1128 4428 l'uit
1171 4371 1469 4419 scribarum
1517 4370 1871 4420 librariorum
1920 4369 2175 4420 aedilium
2230 4370 2532 4436 curulium,
2588 4373 2732 4422 vixit
2772 4372 2867 4421 sub
2919 4369 3198 4420 Caracalla

632 4451 733 4516 (cf.
756 4451 824 4507 N.
847 4454 1022 4516 4880).
1045 4481 1114 4492 --
1150 4456 1200 4518 2)
1226 4454 1515 4521 Bebryeem
1553 4458 1606 4504 et
1630 4453 1904 4505 Xanthum
1940 4456 2138 4505 viaeisse
2172 4471 2282 4506 non
2315 4458 2439 4521 post
2462 4455 2798 4506 Hadrianum
2833 4457 2953 4504 iure
2987 4453 3205 4519 colleg-it

633 4536 928 4589 Huelsenus
965 4537 1025 4603 (Ι.
1063 4555 1106 4591 c.
1138 4555 1192 4605 p.
1229 4539 1352 4606 217)
1391 4556 1462 4590 ea:
1497 4542 1790 4604 agnomine
1822 4539 1991 4591 illius.
2014 4567 2082 4578 —
2118 4541 2169 4605 3)
2207 4540 2510 4605 Curatores,
2546 4543 2598 4606 4)
2634 4539 2891 4591 aedilium
2916 4537 3201 4591 curulium.

629 4648 698 4658 --
738 4623 789 4684 5)
823 4622 925 4672 Dii
956 4627 1180 4689 septem,
1215 4624 1394 4674 iudice
1429 4624 1776 4686 Mommseno,
1826 4629 1953 4675 sunt
1986 4626 2034 4674 ii
2068 4627 2163 4690 qui
2199 4625 2517 4691 praesident
2561 4625 2775 4688 diebus,
2822 4623 2918 4675 Sol
2949 4622 3107 4675 Luna
3153 4628 3205 4674 et

632 4703 847 4769 reliqui.
