3432 5387
575 406 698 466 390
1688 403 1868 471 Caput
1904 401 1998 455 IX.

556 579 848 648 poterat.*)
884 607 951 615 —
986 579 1059 629 Et
1088 580 1326 644 primum
1373 577 1584 641 quidem
1619 578 1766 626 intus
1799 578 1859 625 in
1895 575 2165 641 diptychis
2210 572 2427 623 videtur
2467 574 2671 638 scripta
2708 587 2817 621 esse
2848 573 2966 635 ipsa
3003 586 3149 620 con·

557 668 771 716 stitutio
810 680 927 715 cum
965 666 1178 714 nomine
1201 664 1455 725 veterani,
1491 663 1826 711 extrinsecus
1859 661 2079 709 nomina
2103 661 2444 722 signatorum
2478 671 2598 707 cum
2621 660 2751 707 nota
2789 654 3140 716 testificante,

560 752 621 801 id
642 750 787 817 quod
809 751 956 799 intus
979 751 1239 813 scriptum
1262 752 1411 807 esset,
1437 746 1762 812 descriptum
1786 760 1895 793 esse
1914 760 1982 793 ea:
2007 742 2189 793 tabula
2203 742 2416 808 publice
2443 744 2501 792 in
2522 741 2787 806 Capitolio
2813 740 2895 790 vel
2912 740 3139 791 Palatio

554 836 855 901 proposita.
899 833 1005 885 Sed
1027 835 1189 884 huius
1206 836 1424 898 generis
1449 830 1829 895 diptychorum
1853 844 2021 879 unum
2045 833 2256 879 tantum
2278 832 2536 893 superest,
2559 843 2667 877 non
2693 828 3137 890 antiquissimum

560 934 744 969 eorum
788 933 925 982 quae
959 922 1150 968 extant
1193 917 1290 967 sed
1322 920 1463 966 certe
1506 931 1575 965 ex
1623 915 2049 977 antiquioribus,
2092 912 2159 965 Ν.
2196 914 2338 965 4994.
2419 911 2632 963 Mature
2675 914 2817 962 enim
2864 915 2921 961 in
2967 926 3133 961 usum

562 1005 765 1053 venisse
800 1002 1040 1066 videtur,
1085 1007 1147 1053 ut
1194 1002 1255 1052 id
1296 1000 1441 1066 quod
1483 1003 1631 1050 intus
1677 1001 1939 1063 scriptum
1990 1001 2145 1061 esset,
2192 1000 2356 1048 etiam
2401 999 2734 1047 extrinsecus
2779 1000 3133 1062 repeteretur,

562 1092 677 1138 sine
712 1088 874 1137 dubio
911 1102 972 1137 eo
1010 1088 1235 1138 consilio
1270 1089 1333 1136 ut
1368 1087 1531 1136 etiam
1574 1099 1683 1134 non
1730 1085 2021 1147 resignatis
2070 1082 2267 1133 tabulis
2313 1082 2448 1147 quid
2491 1085 2640 1132 intus
2685 1082 2944 1146 scriptum
2993 1089 3134 1130 esset

566 1172 983 1237 intellegeretur.
1067 1172 1149 1222 Ita
1182 1168 1391 1230 sactum
1436 1173 1515 1219 est
1561 1174 1622 1219 ut
1661 1169 2046 1233 plerarumque
2093 1169 2537 1218 constitutionum
2583 1168 2898 1234 apographa
2935 1167 3134 1216 habea-

562 1273 679 1308 mus
715 1258 839 1318 duo,
875 1257 1104 1307 alterum
1133 1258 1495 1322 perscriptum
1532 1256 1866 1304 extrinsecus
1902 1256 1959 1302 in
1996 1252 2240 1317 diptychi
2271 1266 2400 1317 pag.
2436 1252 2463 1303 4
2499 1251 2584 1301 vet
2614 1254 2669 1313 4,
2715 1252 2944 1302 atterum
2979 1255 3131 1301 intus

560 1346 619 1392 in
650 1357 777 1408 pag.
813 1343 849 1394 2
896 1346 947 1391 et
981 1343 1019 1394 3
1064 1340 1148 1406 (in
1194 1340 1369 1391 altera
1416 1343 1620 1405 pagina
1670 1339 1940 1388 exteriore
1984 1337 2154 1387 incidi
2199 1336 2440 1388 solebant
2485 1341 2705 1388 nomina
2737 1338 3126 1404 signatorum).

565 1430 738 1492 Atque
754 1442 921 1491 usque
939 1426 1012 1477 ad
1029 1429 1267 1490 tempora
1287 1423 1514 1475 Traiani
1531 1428 1817 1487 utrumque
1836 1424 2208 1489 apographum
2218 1424 2350 1487 pari
2370 1437 2501 1472 cura
2515 1426 2800 1472 eoearatum
2818 1426 2909 1483 est,
2922 1422 3130 1472 scilicet

559 1512 691 1577 pari
726 1526 859 1561 cura
894 1513 1182 1575 repetitum
1219 1526 1289 1560 ex
1324 1511 1618 1576 archetypo
1657 1507 1962 1574 Capitolino
1999 1506 2082 1557 vel
2103 1507 2388 1569 Palatino‚·
2421 1506 2515 1557 sed
2548 1508 2872 1572 temporibus
2901 1507 3128 1558 Traiani

563 1599 834 1661 scriptura
866 1597 1111 1658 interior,
1148 1609 1284 1659 quae
1309 1611 1429 1644 vere
1457 1595 1637 1644 debuit
1661 1609 1768 1643 esse
1785 1593 2076 1658 primaria,
2114 1591 2481 1657 neglegentius
2505 1591 2702 1652 confici
2735 1594 2935 1656 coepit5
2971 1607 3127 1642 voca-

564 1680 687 1731 bula
713 1684 852 1731 enim
869 1682 1074 1745 passim
1098 1680 1449 1745 reperiuntur
1475 1695 1583 1729 non
1609 1682 1688 1728 ita
1718 1679 2023 1743 perscripta
2047 1680 2111 1726 ut
2132 1680 2289 1726 erant
2318 1679 2376 1726 in
2411 1677 2722 1743 archetypo,
2757 1676 2852 1726 sed
2873 1678 3127 1728 inchoata

561 1768 753 1830 paucis
777 1768 986 1816 tantum
1013 1764 1209 1814 litteris
1225 1766 1563 1829 perscriptis,
1603 1763 1814 1813 litterae
1850 1765 2028 1811 autem
2064 1762 2144 1811 ita
2180 1762 2509 1827 inconditae,
2543 1766 2605 1813 ut
2636 1766 2732 1813 via:
2770 1762 2878 1826 legi
2912 1769 3126 1826 queant,

562 1850 832 1900 interdum
852 1851 962 1914 legi
984 1852 1202 1900 omnino
1222 1852 1520 1914 nequeant,·
1538 1864 1645 1899 non
1662 1861 1840 1914 pauca
1861 1847 2103 1912 denique,
2119 1862 2255 1912 quae
2273 1851 2450 1898 minus
2472 1850 2772 1898 necessaria
2796 1847 3129 1910 videbantur,

562 1939 619 1984 in
643 1937 914 2000 scriptura
939 1936 1198 1985 interiore
1225 1937 1443 1984 omnino
1470 1937 1661 1984 omissa
1686 1938 1827 1983 sunt.
1887 1933 2038 1982 Hanc
2062 1934 2124 1982 ob
2150 1947 2366 1983 causam
2391 1929 2541 1991 infra
2566 1931 2633 1984 Ν.
2667 1935 2802 1984 2005
2814 1950 2918 1997 seq.
2955 1934 3127 1985 solam

561 2023 886 2086 scripturam
936 2023 1256 2070 eoeteriorem
1291 2020 1692 2084 repraesentavi
1730 2016 1926 2082 (solum
1961 2021 2020 2066 in
2056 2019 2134 2066 cis
2169 2017 2452 2084 diptychis,
2489 2034 2627 2082 quae
2659 2034 2767 2070 non
2804 2021 3016 2082 integra
3053 2020 3131 2069 ad

562 2122 659 2156 nos
687 2110 1064 2170 pervenerunt,
1099 2109 1424 2170 scripturam
1449 2104 1793 2166 exteriorem,
1829 2103 1925 2151 ubi
1962 2118 2093 2167 opus
2115 2108 2232 2152 erat
2267 2107 2318 2152 et
2341 2104 2436 2152 ubi
2467 2102 2593 2165 fieri
2620 2107 2853 2169 poterat,
2886 2103 3129 2169 supplevi

562 2208 631 2240 ex
666 2192 966 2249 interiore).
1043 2188 1400 2254 (Diocletiani
1433 2193 1607 2239 aetate
1644 2187 1918 2237 interdum
1965 2190 2022 2236 in
2059 2189 2142 2237 his
2186 2186 2457 2253 diptychis
2490 2204 2682 2239 rursus
2722 2188 2885 2239 semel
2918 2193 3125 2239 tantum

563 2276 996 2325 constitutionem
1024 2277 1383 2339 perscriptam
1420 2290 1527 2323 esse
1573 2271 1783 2322 uidetur
1830 2271 2103 2322 ostendere
2149 2272 2342 2322 tabella
2391 2289 2555 2323 aenea
2593 2274 2737 2324 edita
2786 2275 2874 2325 11!
2909 2291 2964 2341 p.
3009 2277 3126 2335 900,

561 2356 639 2409 IX
680 2359 802 2420 264,
863 2373 972 2409 non
1032 2375 1235 2424 semper
1280 2360 1340 2409 id
1399 2357 1608 2420 factum
1665 2374 1774 2407 esse
1831 2356 2061 2407 ostendit
2107 2356 2217 2407 alia
2277 2358 2468 2408 tabella
2517 2360 2752 2411 eiusdem
2807 2362 3000 2410 aetatis
3046 2360 3133 2410 ΙΙΙ

554 2462 609 2509 p.
655 2446 776 2509 900,
827 2442 877 2494 Χ
917 2443 1093 2507 4443.)
1172 2444 1567 2511 Diptychorum
1611 2459 1749 2508 quae
1802 2441 1875 2493 ad
1920 2458 2019 2493 nos
2061 2447 2421 2508 pervenerunt
2462 2442 2723 2510 pleraque
2765 2449 3008 2510 spectant
3054 2447 3131 2496 ad

560 2533 836 2579 veteranos
879 2545 948 2579 ea:
996 2529 1101 2579 alis
1149 2531 1521 2580 cohortibusve
1564 2529 1882 2579 auxiliariis
1930 2526 2025 2592 (ex
2069 2528 2220 2589 infra
2257 2528 2412 2578 editis
2455 2526 2522 2580 N.
2558 2529 2704 2583 4987.
2745 2530 2894 2582 4992.
2928 2531 3125 2583 4995-

559 2617 736 2679 2006),
768 2615 934 2665 multo
969 2616 1148 2665 minor
1182 2629 1368 2664 eorum
1405 2619 1481 2664 est
1516 2630 1772 2665 numerus
1795 2628 1932 2677 quae
1965 2618 2208 2678 spectant
2243 2613 2315 2663 ad
2347 2614 2653 2665 classiarios
2688 2615 2779 2675 (N.
2803 2617 2947 2668 4986.
2983 2617 3125 2668 4990.

560 2702 683 2754 4994
687 2702 731 2766 ),
761 2703 1025 2767 pauciora
1062 2702 1224 2750 etiam
1248 2705 1489 2765 spectant
1523 2700 1597 2751 ad
1617 2700 1816 2751 milites
1844 2701 1981 2749 cives
2013 2699 2293 2764 Romanos,
2327 2704 2513 2750 missos
2540 2717 2610 2750 ea:
2635 2703 2941 2752 cohortibus
2967 2719 3125 2768 prae-

561 2790 719 2838 toriis
761 2788 1046 2838 urbanisve
1094 2785 1184 2847 (Ν.
1230 2787 1377 2837 4993.
1414 2786 1556 2837 4994.
1591 2787 1741 2837 2007.
1777 2786 1927 2836 2008.
1964 2785 2147 2851 2040),
2192 2801 2359 2836 unum
2406 2785 2478 2835 ad
2521 2789 2750 2851 equitem
2795 2790 3128 2852 singularem

561 2874 798 2937 Augusti
833 2871 925 2933 (Ν.
959 2872 1149 2938 2009),·
1196 2871 1534 2935 legionariis,
1582 2872 1631 2919 si
1678 2873 1955 2935 eoeceperis
2000 2871 2195 2921 milites
2231 2871 2501 2936 legionum
2532 2873 2743 2936 primae
2777 2875 2830 2920 et
2863 2871 3129 2922 secundae

471 2977 474 2981 ’
562 2957 903 3008 Adiutricum
940 2958 1268 3021 conscriptos
1302 2973 1371 3006 ex
1406 2956 1645 3006 classicis
1683 2955 1777 3021 (N.
1810 2955 1954 3007 4988.
1992 2956 2164 3022 4989),
2200 2956 2350 3006 nulla
2386 2956 2681 3020 diplomata
2723 2957 2882 3006 huius
2909 2959 3128 3021 generis

561 3042 688 3091 data
725 3056 834 3090 esse
870 3041 1133 3090 videntur.
1159 3069 1226 3078 —-
1250 3040 1522 3107 Diptycha
1559 3044 1775 3106 reperta
1801 3055 1968 3104 usque
2003 3041 2075 3090 ad
2104 3056 2306 3091 annum
2341 3039 2472 3092 4872
2509 3056 2732 3091 numero
2768 3044 3127 3107 quingaginta

561 3129 679 3174 octo
705 3125 872 3174 edidit
897 3130 947 3173 et
970 3124 1264 3175 illustravit
1287 3125 1574 3176 Mommsen
1602 3125 1711 3191 (ΙΙΙ
1729 3141 1783 3191 p.
1808 3128 1904 3175 844
1917 3131 2079 3190 seq.);
2114 3142 2247 3190 quae
2273 3131 2610 3176 accesserunt
2631 3142 2797 3193 usque
2819 3128 2896 3177 ad
2927 3144 2976 3178 a.
3000 3129 3128 3178 4884

561 3224 782 3259 numero
831 3208 984 3260 XXII
1023 3211 1114 3270 (—
1151 3210 1388 3277 LXXX),
1433 3210 1602 3261 edidit
1648 3211 1788 3260 idem
1836 3211 1973 3277 Eph.
2008 3212 2045 3261 2
2087 3226 2143 3275 p.
2178 3213 2457 3273 452—466,
2492 3214 2523 3261 4
2569 3228 2620 3276 p.
2655 3211 2929 3264 484-487.
2962 3215 3124 3263 495-

562 3293 679 3344 545.
712 3296 747 3344 5
774 3309 831 3358 p.
855 3294 1106 3346 92-400.
1139 3294 1410 3346 640-647.
1445 3296 1564 3358 652,
1599 3296 1683 3344 his
1718 3297 1925 3346 ultimis
1960 3299 2116 3346 annis
2150 3301 2384 3363 reperta,
2419 3312 2641 3348 numero
2678 3313 2782 3348 non
2817 3301 2997 3347 minus
3031 3313 3129 3346 un-

562 3379 751 3443 decim,
785 3379 923 3428 idem
947 3378 1191 3429 editurus
1214 3385 1290 3429 est
1315 3384 1371 3429 in
1399 3379 1451 3430 C.
1480 3380 1518 3430 Ι.
1558 3378 1618 3431 L.
1644 3380 1731 3430 ΙΙΙ
1749 3381 2124 3446 supplemento.
2172 3382 2443 3447 Imagines
2467 3383 2847 3450 diptychorum
2869 3382 3130 3432 dederunt

559 3463 731 3528 multi,
748 3463 1055 3528 multorum,
1080 3480 1243 3530 eaque
1270 3468 1462 3531 optime
1478 3463 1647 3526 facta,
1678 3465 1886 3515 Arneth
1902 3458 2120 3527 ‘Zwb'tl'
2127 3468 2390 3517 romische
2408 3458 2875 3533 Militiirdiplome'
2902 3466 3128 3533 (Vindo-

562 3551 731 3599 bonae
753 3549 927 3612 4843),
964 3553 1087 3599 item
1112 3548 1219 3599 Leo
1243 3548 1439 3600 lienier
1464 3549 1601 3599 libro
1628 3552 1887 3615 inscripto
1906 3543 2149 3601 ‘Recueil
2169 3553 2234 3603 de
2268 3552 2522 3617 diplomes
2557 3543 2866 3603 militaires’
2903 3552 3050 3618 (livr.
3086 3552 3128 3615 1,

566 3633 737 3683 Paris.
773 3633 942 3700 4876).

732 3803 782 3866 *)
822 3801 1157 3863 Conferenda
1182 3809 1308 3854 sunt
1336 3820 1472 3868 quae
1494 3807 1633 3854 iuris
1658 3808 1907 3856 auctores
1924 3811 2317 3871 praeceperunt
2341 3806 2404 3855 de
2427 3807 2713 3870 signandis
2737 3807 2935 3858 tabulis
2971 3811 3126 3857 testa·

562 3890 730 3938 menti
764 3889 1001 3953 aliisque.
1068 3890 1264 3939 Paulus
1292 3895 1422 3940 sent.
1446 3891 1499 3954 ὅ,
1533 3890 1620 3951 25,
1657 3892 1718 3942 6.·
1746 3883 2129 3957 ‘amplissimus
2165 3891 2297 3942 ordo
2323 3890 2568 3952 decrevit,
2607 3908 2695 3942 eas
2731 3892 2956 3953 tabulas,
2992 3907 3124 3958 quae

561 3973 769 4038 publici
804 3974 885 4023 uel
910 3976 1119 4039 privati
1154 3978 1464 4025 contractus
1496 3977 1826 4040 scripturam
1862 3978 2164 4040 continent,
2209 3976 2464 4027 adhibitis
2512 3978 2727 4027 testibus
2771 3979 2852 4027 ita
2898 3979 3126 4041 signari,

564 4062 627 4108 ut
659 4060 717 4107 in
751 4073 957 4109 summa
991 4060 1258 4123 marginis
1306 4059 1379 4109 ad
1411 4059 1639 4109 mediam
1674 4066 1886 4125 partem
1919 4058 2234 4125 perforatae
2268 4061 2474 4126 triplici
2510 4062 2621 4111 lino
2668 4064 3125 4126 constringantur,

563 4147 724 4208 atque
748 4145 1027 4209 impositae
1062 4158 1226 4209 supra
1254 4143 1423 4194 linum
1449 4159 1603 4195 cerae
1626 4147 1786 4208 signa
1823 4147 2224 4210 imprimantur,
2260 4149 2323 4194 ut
2355 4149 2620 4196 ezr-teriori
2641 4149 2945 4213 scripturae
2969 4145 3124 4207 fidem

566 4229 799 4278 interior
834 4231 1033 4291 servet5
1070 4227 1232 4278 aliter
1269 4228 1481 4279 tabulae
1510 4228 1766 4295 prolatae
1799 4230 1939 4280 nihil
1971 4234 2224 4280 momenti
2259 4221 2486 4282 habent.'

733 4446 905 4517 1986
971 4451 1059 4511 Ti.
1106 4450 1381 4514 Claudius
1441 4452 1657 4514 Caesar
1712 4455 2013 4531 Augustus
2070 4453 2489 4528 Germanicum,
2548 4456 2814 4534 pontifex
2874 4459 3122 4530 maxim„

562 4552 701 4613 trib.
747 4562 1037 4632 potestate
1082 4552 1242 4627 xlv,
1288 4556 1498 4635 imper.
1530 4554 1757 4629 XXVII,
1789 4563 1957 4634 pater
1986 4555 2228 4633 patriae,
2261 4574 2494 4628 censor,
2526 4576 2646 4619 cos.
2682 4559 2743 4622 V
2792 4559 3125 4620 trierarchis

564 4663 624 4712 et
677 4653 1031 4733 remigibus,
1091 4660 1190 4734 qui
1237 4656 1633 4718 militaverunt
1676 4657 1736 4717 in
1797 4657 2011 4730 classe,
2073 4675 2221 4735 quae
2277 4668 2366 4719 est
2410 4659 2620 4721 Miseni
2676 4660 2787 4721 sub
2843 4661 2931 4721 Ti.
2976 4659 3125 4721 Iulio

568 4755 817 4832 Augusti
876 4754 975 4816 lib.
1024 4755 1293 4835 Optat0²‚
1352 4767 1410 4818 et
1453 4768 1595 4819 sunt
1638 4759 1861 4820 dimissi
1908 4759 2156 4820 honesta
2199 4760 2514 4834 missione,
2573 4766 2827 4840 quorum
2889 4762 3123 4824 nomina
