<?xml version="1.0" encoding="UTF-8"?>
<!DOCTYPE html PUBLIC "-//W3C//DTD XHTML 1.0 Transitional//EN"
    "http://www.w3.org/TR/xhtml1/DTD/xhtml1-transitional.dtd">
<html xmlns="http://www.w3.org/1999/xhtml" xml:lang="en" lang="en">
 <head>
  <title>
</title>
<meta http-equiv="Content-Type" content="text/html;charset=utf-8" />
  <meta name='ocr-system' content='tesseract 3.04.00' />
  <meta name='ocr-capabilities' content='ocr_page ocr_carea ocr_par ocr_line ocrx_word'/>
</head>
<body>
  <div class='ocr_page' id='page_1' title='image "./inscriptionesla00unkngoog_0293.png"; bbox 0 0 3432 5387; ppageno 0'>
   <div class='ocr_carea' id='block_1_1' title="bbox 953 323 2943 386">
    <p class='ocr_par' dir='ltr' id='par_1_1' title="bbox 953 323 2943 386">
     <span class='ocr_line' id='line_1_1' title="bbox 953 323 2943 386; baseline 0.003 -8"><span class='ocrx_word' id='word_1_1' title='bbox 953 323 1126 378; x_wconf 83' lang='lat' dir='ltr'><strong>Tituli</strong></span> <span class='ocrx_word' id='word_1_2' title='bbox 1159 323 1397 379; x_wconf 81' lang='lat' dir='ltr'><strong>virorum</strong></span> <span class='ocrx_word' id='word_1_3' title='bbox 1434 328 1490 379; x_wconf 88' lang='lat' dir='ltr'><strong>et</strong></span> <span class='ocrx_word' id='word_1_4' title='bbox 1525 324 1809 378; x_wconf 85' lang='lat' dir='ltr'><strong>mulierum</strong></span> <span class='ocrx_word' id='word_1_5' title='bbox 1848 325 2054 378; x_wconf 79' lang='lat' dir='ltr'><strong>ordinis</strong></span> <span class='ocrx_word' id='word_1_6' title='bbox 2091 325 2370 380; x_wconf 79' lang='lat' dir='ltr'><strong>senatorii.</strong></span> <span class='ocrx_word' id='word_1_7' title='bbox 2818 325 2943 386; x_wconf 84' lang='lat'><strong>279</strong></span> 
     </span>
    </p>
   </div>
   <div class='ocr_carea' id='block_1_2' title="bbox 798 497 2541 3428">
    <p class='ocr_par' dir='ltr' id='par_1_2' title="bbox 952 497 2386 782">
     <span class='ocr_line' id='line_1_2' title="bbox 958 497 2386 578; baseline 0.001 -21"><span class='ocrx_word' id='word_1_8' title='bbox 958 497 1202 558; x_wconf 82' lang='lat' dir='ltr'><strong>meliora</strong></span> <span class='ocrx_word' id='word_1_9' title='bbox 1249 497 1441 559; x_wconf 79' lang='lat' dir='ltr'><strong>reddis</strong></span> <span class='ocrx_word' id='word_1_10' title='bbox 1488 517 1662 577; x_wconf 91' lang='lat' dir='ltr'><strong>quam</strong></span> <span class='ocrx_word' id='word_1_11' title='bbox 1710 498 1958 576; x_wconf 85' lang='lat' dir='ltr'><strong>legendo</strong></span> <span class='ocrx_word' id='word_1_12' title='bbox 2003 499 2386 578; x_wconf 72' lang='lat' dir='ltr'><strong>sumpseraS.⁶</strong></span> 
     </span>
     <span class='ocr_line' id='line_1_3' title="bbox 954 595 2328 684; baseline 0.001 -23"><span class='ocrx_word' id='word_1_13' title='bbox 954 600 1065 662; x_wconf 85' lang='lat' dir='ltr'><strong>Sed</strong></span> <span class='ocrx_word' id='word_1_14' title='bbox 1114 601 1222 661; x_wconf 91' lang='lat' dir='ltr'><strong>ista</strong></span> <span class='ocrx_word' id='word_1_15' title='bbox 1269 618 1473 679; x_wconf 88' lang='lat' dir='ltr'><strong>parva:</strong></span> <span class='ocrx_word' id='word_1_16' title='bbox 1523 610 1584 659; x_wconf 91' lang='lat' dir='ltr'><strong>tu</strong></span> <span class='ocrx_word' id='word_1_17' title='bbox 1629 601 1764 679; x_wconf 90' lang='lat' dir='ltr'><strong>pius</strong></span> <span class='ocrx_word' id='word_1_18' title='bbox 1807 595 2102 684; x_wconf 82' lang='lat' dir='ltr'><strong>m[y]stes⁷</strong></span> <span class='ocrx_word' id='word_1_19' title='bbox 2145 603 2328 663; x_wconf 82' lang='lat' dir='ltr'><strong>sacris</strong></span> 
     </span>
     <span class='ocr_line' id='line_1_4' title="bbox 952 702 2222 782; baseline 0 -19"><span class='ocrx_word' id='word_1_20' title='bbox 952 703 1143 764; x_wconf 86' lang='lat' dir='ltr'><strong>teletis</strong></span> <span class='ocrx_word' id='word_1_21' title='bbox 1187 710 1420 780; x_wconf 85' lang='lat' dir='ltr'><strong>reperta</strong></span> <span class='ocrx_word' id='word_1_22' title='bbox 1467 702 1680 762; x_wconf 88' lang='lat' dir='ltr'><strong>mentis</strong></span> <span class='ocrx_word' id='word_1_23' title='bbox 1725 721 1940 762; x_wconf 87' lang='lat' dir='ltr'><strong>arcano</strong></span> <span class='ocrx_word' id='word_1_24' title='bbox 1987 704 2222 782; x_wconf 90' lang='lat' dir='ltr'><strong>premis,</strong></span> 
     </span>
    </p>

    <p class='ocr_par' dir='ltr' id='par_1_3' title="bbox 817 803 2449 1291">
     <span class='ocr_line' id='line_1_5' title="bbox 817 803 2349 885; baseline 0.002 -22"><span class='ocrx_word' id='word_1_25' title='bbox 817 814 872 863; x_wconf 84' lang='lat'><strong>15</strong></span> <span class='ocrx_word' id='word_1_26' title='bbox 961 804 1275 883; x_wconf 80' lang='lat' dir='ltr'><strong>divumque</strong></span> <span class='ocrx_word' id='word_1_27' title='bbox 1322 822 1539 865; x_wconf 90' lang='lat' dir='ltr'><strong>numen</strong></span> <span class='ocrx_word' id='word_1_28' title='bbox 1588 803 1892 885; x_wconf 77' lang='lat' dir='ltr'><strong>multiplex</strong></span> <span class='ocrx_word' id='word_1_29' title='bbox 1936 805 2143 865; x_wconf 89' lang='lat' dir='ltr'><strong>doctus</strong></span> <span class='ocrx_word' id='word_1_30' title='bbox 2187 805 2349 878; x_wconf 82' lang='lat' dir='ltr'><strong>coliS,</strong></span> 
     </span>
     <span class='ocr_line' id='line_1_6' title="bbox 953 905 2375 986; baseline 0.001 -18"><span class='ocrx_word' id='word_1_31' title='bbox 953 908 1171 969; x_wconf 86' lang='lat' dir='ltr'><strong>sociam</strong></span> <span class='ocrx_word' id='word_1_32' title='bbox 1217 905 1475 986; x_wconf 82' lang='lat' dir='ltr'><strong>benigne</strong></span> <span class='ocrx_word' id='word_1_33' title='bbox 1523 905 1838 984; x_wconf 85' lang='lat' dir='ltr'><strong>coniugem</strong></span> <span class='ocrx_word' id='word_1_34' title='bbox 1885 916 2130 967; x_wconf 88' lang='lat' dir='ltr'><strong>nectens</strong></span> <span class='ocrx_word' id='word_1_35' title='bbox 2173 908 2375 980; x_wconf 76' lang='lat' dir='ltr'><strong>sacriS,</strong></span> 
     </span>
     <span class='ocr_line' id='line_1_7' title="bbox 952 1008 2449 1087; baseline 0.002 -19"><span class='ocrx_word' id='word_1_36' title='bbox 952 1009 1259 1070; x_wconf 91' lang='lat' dir='ltr'><strong>hominum</strong></span> <span class='ocrx_word' id='word_1_37' title='bbox 1307 1008 1601 1087; x_wconf 91' lang='lat' dir='ltr'><strong>deumque</strong></span> <span class='ocrx_word' id='word_1_38' title='bbox 1647 1009 1945 1069; x_wconf 83' lang='lat' dir='ltr'><strong>consciam</strong></span> <span class='ocrx_word' id='word_1_39' title='bbox 1991 1025 2058 1067; x_wconf 91' lang='lat' dir='ltr'><strong>ac</strong></span> <span class='ocrx_word' id='word_1_40' title='bbox 2105 1008 2277 1069; x_wconf 84' lang='lat' dir='ltr'><strong>fidam</strong></span> <span class='ocrx_word' id='word_1_41' title='bbox 2325 1010 2449 1071; x_wconf 90' lang='lat' dir='ltr'><strong>tibi.</strong></span> 
     </span>
     <span class='ocr_line' id='line_1_8' title="bbox 954 1109 2384 1189; baseline 0.001 -18"><span class='ocrx_word' id='word_1_42' title='bbox 954 1110 1106 1182; x_wconf 87' lang='lat' dir='ltr'><strong>Quid</strong></span> <span class='ocrx_word' id='word_1_43' title='bbox 1154 1129 1317 1171; x_wconf 89' lang='lat' dir='ltr'><strong>nunc</strong></span> <span class='ocrx_word' id='word_1_44' title='bbox 1362 1112 1623 1171; x_wconf 90' lang='lat' dir='ltr'><strong>honores</strong></span> <span class='ocrx_word' id='word_1_45' title='bbox 1665 1118 1766 1169; x_wconf 88' lang='lat' dir='ltr'><strong>aut</strong></span> <span class='ocrx_word' id='word_1_46' title='bbox 1810 1117 2130 1187; x_wconf 77' lang='lat' dir='ltr'><strong>potestates</strong></span> <span class='ocrx_word' id='word_1_47' title='bbox 2175 1109 2384 1189; x_wconf 87' lang='lat' dir='ltr'><strong>loquar</strong></span> 
     </span>
     <span class='ocr_line' id='line_1_9' title="bbox 952 1210 2140 1291; baseline 0 -20"><span class='ocrx_word' id='word_1_48' title='bbox 952 1212 1378 1291; x_wconf 88' lang='lat' dir='ltr'><strong>hominumque</strong></span> <span class='ocrx_word' id='word_1_49' title='bbox 1422 1212 1572 1272; x_wconf 86' lang='lat' dir='ltr'><strong>votis</strong></span> <span class='ocrx_word' id='word_1_50' title='bbox 1616 1210 1870 1290; x_wconf 84' lang='lat' dir='ltr'><strong>adpetita</strong></span> <span class='ocrx_word' id='word_1_51' title='bbox 1914 1211 2140 1289; x_wconf 84' lang='lat' dir='ltr'><strong>gaudia,</strong></span> 
     </span>
    </p>

    <p class='ocr_par' dir='ltr' id='par_1_4' title="bbox 811 1315 2447 1478">
     <span class='ocr_line' id='line_1_10' title="bbox 811 1315 2447 1391; baseline 0.004 -18"><span class='ocrx_word' id='word_1_52' title='bbox 811 1323 869 1373; x_wconf 78' lang='lat'><strong>20</strong></span> <span class='ocrx_word' id='word_1_53' title='bbox 954 1331 1102 1391; x_wconf 92' lang='lat' dir='ltr'><strong>quae</strong></span> <span class='ocrx_word' id='word_1_54' title='bbox 1149 1324 1213 1376; x_wconf 87' lang='lat' dir='ltr'><strong>tu</strong></span> <span class='ocrx_word' id='word_1_55' title='bbox 1258 1315 1473 1374; x_wconf 88' lang='lat' dir='ltr'><strong>caduca</strong></span> <span class='ocrx_word' id='word_1_56' title='bbox 1522 1332 1589 1373; x_wconf 92' lang='lat' dir='ltr'><strong>ac</strong></span> <span class='ocrx_word' id='word_1_57' title='bbox 1636 1330 1809 1391; x_wconf 86' lang='lat' dir='ltr'><strong>parva</strong></span> <span class='ocrx_word' id='word_1_58' title='bbox 1855 1330 2089 1391; x_wconf 87' lang='lat' dir='ltr'><strong>semper</strong></span> <span class='ocrx_word' id='word_1_59' title='bbox 2133 1325 2447 1381; x_wconf 84' lang='lat' dir='ltr'><strong>autumans</strong></span> 
     </span>
     <span class='ocr_line' id='line_1_11' title="bbox 952 1413 2206 1478; baseline 0.001 -3"><span class='ocrx_word' id='word_1_60' title='bbox 952 1415 1147 1476; x_wconf 86' lang='lat' dir='ltr'><strong>divum</strong></span> <span class='ocrx_word' id='word_1_61' title='bbox 1191 1415 1468 1477; x_wconf 83' lang='lat' dir='ltr'><strong>sacerdos</strong></span> <span class='ocrx_word' id='word_1_62' title='bbox 1514 1413 1714 1475; x_wconf 87' lang='lat' dir='ltr'><strong>insulis</strong></span> <span class='ocrx_word' id='word_1_63' title='bbox 1760 1414 1952 1475; x_wconf 89' lang='lat' dir='ltr'><strong>celsus</strong></span> <span class='ocrx_word' id='word_1_64' title='bbox 1998 1414 2206 1478; x_wconf 84' lang='lat' dir='ltr'><strong>clues?</strong></span> 
     </span>
    </p>

    <p class='ocr_par' dir='ltr' id='par_1_5' title="bbox 948 1516 2406 1800">
     <span class='ocr_line' id='line_1_12' title="bbox 951 1516 2169 1596; baseline 0.003 -20"><span class='ocrx_word' id='word_1_65' title='bbox 951 1517 1042 1578; x_wconf 87' lang='lat' dir='ltr'><strong>Tu</strong></span> <span class='ocrx_word' id='word_1_66' title='bbox 1087 1537 1199 1591; x_wconf 90' lang='lat' dir='ltr'><strong>me,</strong></span> <span class='ocrx_word' id='word_1_67' title='bbox 1246 1518 1470 1589; x_wconf 84' lang='lat' dir='ltr'><strong>marite,</strong></span> <span class='ocrx_word' id='word_1_68' title='bbox 1516 1516 1959 1596; x_wconf 86' lang='lat' dir='ltr'><strong>disciplinarum</strong></span> <span class='ocrx_word' id='word_1_69' title='bbox 2008 1517 2169 1579; x_wconf 93' lang='lat' dir='ltr'><strong>bono</strong></span> 
     </span>
     <span class='ocr_line' id='line_1_13' title="bbox 950 1618 2406 1698; baseline 0.002 -19"><span class='ocrx_word' id='word_1_70' title='bbox 950 1637 1155 1698; x_wconf 86' lang='lat' dir='ltr'><strong>puram</strong></span> <span class='ocrx_word' id='word_1_71' title='bbox 1205 1638 1272 1679; x_wconf 92' lang='lat' dir='ltr'><strong>ac</strong></span> <span class='ocrx_word' id='word_1_72' title='bbox 1316 1618 1589 1697; x_wconf 87' lang='lat' dir='ltr'><strong>pudicam</strong></span> <span class='ocrx_word' id='word_1_73' title='bbox 1634 1629 1794 1680; x_wconf 81' lang='lat' dir='ltr'><strong>sorte</strong></span> <span class='ocrx_word' id='word_1_74' title='bbox 1840 1621 2080 1682; x_wconf 79' lang='lat' dir='ltr'><strong>mortis’</strong></span> <span class='ocrx_word' id='word_1_75' title='bbox 2126 1622 2406 1695; x_wconf 82' lang='lat' dir='ltr'><strong>eximens,</strong></span> 
     </span>
     <span class='ocr_line' id='line_1_14' title="bbox 948 1720 2340 1800; baseline 0.004 -20"><span class='ocrx_word' id='word_1_76' title='bbox 948 1721 1006 1780; x_wconf 90' lang='lat' dir='ltr'><strong>in</strong></span> <span class='ocrx_word' id='word_1_77' title='bbox 1057 1720 1271 1800; x_wconf 89' lang='lat' dir='ltr'><strong>templa</strong></span> <span class='ocrx_word' id='word_1_78' title='bbox 1318 1720 1484 1781; x_wconf 92' lang='lat' dir='ltr'><strong>ducis</strong></span> <span class='ocrx_word' id='word_1_79' title='bbox 1527 1739 1594 1780; x_wconf 93' lang='lat' dir='ltr'><strong>ac</strong></span> <span class='ocrx_word' id='word_1_80' title='bbox 1640 1722 1916 1782; x_wconf 84' lang='lat' dir='ltr'><strong>famulam</strong></span> <span class='ocrx_word' id='word_1_81' title='bbox 1963 1722 2109 1785; x_wconf 83' lang='lat' dir='ltr'><strong>divis</strong></span> <span class='ocrx_word' id='word_1_82' title='bbox 2151 1723 2340 1797; x_wconf 85' lang='lat' dir='ltr'><strong>dicas;</strong></span> 
     </span>
    </p>

    <p class='ocr_par' dir='ltr' id='par_1_6' title="bbox 801 1823 2397 2310">
     <span class='ocr_line' id='line_1_15' title="bbox 801 1823 2113 1903; baseline 0.002 -21"><span class='ocrx_word' id='word_1_83' title='bbox 801 1831 857 1882; x_wconf 79' lang='lat'><strong>25</strong></span> <span class='ocrx_word' id='word_1_84' title='bbox 944 1831 1001 1883; x_wconf 93' lang='lat' dir='ltr'><strong>te</strong></span> <span class='ocrx_word' id='word_1_85' title='bbox 1046 1832 1192 1885; x_wconf 88' lang='lat' dir='ltr'><strong>teste</strong></span> <span class='ocrx_word' id='word_1_86' title='bbox 1237 1823 1469 1884; x_wconf 90' lang='lat' dir='ltr'><strong>cunctis</strong></span> <span class='ocrx_word' id='word_1_87' title='bbox 1515 1823 1750 1883; x_wconf 87' lang='lat' dir='ltr'><strong>imbuor</strong></span> <span class='ocrx_word' id='word_1_88' title='bbox 1794 1823 2113 1903; x_wconf 77' lang='lat' dir='ltr'><strong>mysteriis3</strong></span> 
     </span>
     <span class='ocr_line' id='line_1_16' title="bbox 946 1920 2218 2010; baseline 0 -25"><span class='ocrx_word' id='word_1_89' title='bbox 946 1935 1010 1985; x_wconf 90' lang='lat' dir='ltr'><strong>tu</strong></span> <span class='ocrx_word' id='word_1_90' title='bbox 1055 1925 1453 2006; x_wconf 83' lang='lat' dir='ltr'><strong>Dindymenes</strong></span> <span class='ocrx_word' id='word_1_91' title='bbox 1497 1920 1853 2010; x_wconf 87' lang='lat' dir='ltr'><strong>Atteosqu[e]</strong></span> <span class='ocrx_word' id='word_1_92' title='bbox 1899 1925 2218 1986; x_wconf 76' lang='lat' dir='ltr'><strong>antistitem</strong></span> 
     </span>
     <span class='ocr_line' id='line_1_17' title="bbox 948 2027 2214 2106; baseline 0 -18"><span class='ocrx_word' id='word_1_93' title='bbox 948 2028 1140 2088; x_wconf 87' lang='lat' dir='ltr'><strong>teletis</strong></span> <span class='ocrx_word' id='word_1_94' title='bbox 1183 2027 1446 2089; x_wconf 86' lang='lat' dir='ltr'><strong>honoras</strong></span> <span class='ocrx_word' id='word_1_95' title='bbox 1492 2028 1713 2089; x_wconf 83' lang='lat' dir='ltr'><strong>taureis</strong></span> <span class='ocrx_word' id='word_1_96' title='bbox 1758 2046 2004 2088; x_wconf 86' lang='lat' dir='ltr'><strong>consors</strong></span> <span class='ocrx_word' id='word_1_97' title='bbox 2051 2027 2214 2106; x_wconf 87' lang='lat' dir='ltr'><strong>pius;</strong></span> 
     </span>
     <span class='ocr_line' id='line_1_18' title="bbox 951 2128 2306 2192; baseline 0.001 -5"><span class='ocrx_word' id='word_1_98' title='bbox 951 2128 1198 2189; x_wconf 88' lang='lat' dir='ltr'><strong>Hecates</strong></span> <span class='ocrx_word' id='word_1_99' title='bbox 1248 2130 1576 2192; x_wconf 85' lang='lat' dir='ltr'><strong>ministram</strong></span> <span class='ocrx_word' id='word_1_100' title='bbox 1622 2131 1777 2191; x_wconf 89' lang='lat' dir='ltr'><strong>trina</strong></span> <span class='ocrx_word' id='word_1_101' title='bbox 1822 2137 2046 2189; x_wconf 90' lang='lat' dir='ltr'><strong>secreta</strong></span> <span class='ocrx_word' id='word_1_102' title='bbox 2093 2129 2306 2190; x_wconf 87' lang='lat' dir='ltr'><strong>edoces</strong></span> 
     </span>
     <span class='ocr_line' id='line_1_19' title="bbox 949 2228 2397 2310; baseline 0.001 -22"><span class='ocrx_word' id='word_1_103' title='bbox 949 2228 1294 2310; x_wconf 86' lang='lat' dir='ltr'><strong>Cererisque</strong></span> <span class='ocrx_word' id='word_1_104' title='bbox 1342 2233 1546 2293; x_wconf 81' lang='lat' dir='ltr'><strong>Graiae</strong></span> <span class='ocrx_word' id='word_1_105' title='bbox 1591 2243 1654 2293; x_wconf 90' lang='lat' dir='ltr'><strong>tu</strong></span> <span class='ocrx_word' id='word_1_106' title='bbox 1700 2232 1881 2293; x_wconf 87' lang='lat' dir='ltr'><strong>sacris</strong></span> <span class='ocrx_word' id='word_1_107' title='bbox 1925 2231 2162 2309; x_wconf 87' lang='lat' dir='ltr'><strong>dignam</strong></span> <span class='ocrx_word' id='word_1_108' title='bbox 2207 2250 2397 2310; x_wconf 79' lang='lat' dir='ltr'><strong>paras,</strong></span> 
     </span>
    </p>

    <p class='ocr_par' dir='ltr' id='par_1_7' title="bbox 803 2330 2447 2821">
     <span class='ocr_line' id='line_1_20' title="bbox 803 2330 2335 2413; baseline 0.001 -22"><span class='ocrx_word' id='word_1_109' title='bbox 803 2340 861 2391; x_wconf 82' lang='grc'><strong>30</strong></span> <span class='ocrx_word' id='word_1_110' title='bbox 947 2330 1029 2391; x_wconf 89' lang='lat' dir='ltr'><strong>Te</strong></span> <span class='ocrx_word' id='word_1_111' title='bbox 1074 2345 1322 2413; x_wconf 87' lang='lat' dir='ltr'><strong>propter</strong></span> <span class='ocrx_word' id='word_1_112' title='bbox 1368 2336 1561 2396; x_wconf 90' lang='lat' dir='ltr'><strong>omnis</strong></span> <span class='ocrx_word' id='word_1_113' title='bbox 1607 2354 1699 2395; x_wconf 92' lang='lat' dir='ltr'><strong>me</strong></span> <span class='ocrx_word' id='word_1_114' title='bbox 1745 2334 1995 2405; x_wconf 87' lang='lat' dir='ltr'><strong>beatam,</strong></span> <span class='ocrx_word' id='word_1_115' title='bbox 2043 2352 2136 2393; x_wconf 86' lang='lat' dir='ltr'><strong>me</strong></span> <span class='ocrx_word' id='word_1_116' title='bbox 2181 2335 2335 2413; x_wconf 89' lang='lat' dir='ltr'><strong>piam</strong></span> 
     </span>
     <span class='ocr_line' id='line_1_21' title="bbox 943 2432 2433 2516; baseline 0.002 -23"><span class='ocrx_word' id='word_1_117' title='bbox 943 2432 1263 2508; x_wconf 89' lang='lat' dir='ltr'><strong>celebrant,</strong></span> <span class='ocrx_word' id='word_1_118' title='bbox 1312 2437 1469 2516; x_wconf 89' lang='lat' dir='ltr'><strong>quod</strong></span> <span class='ocrx_word' id='word_1_119' title='bbox 1517 2437 1641 2515; x_wconf 89' lang='lat' dir='ltr'><strong>ipse</strong></span> <span class='ocrx_word' id='word_1_120' title='bbox 1686 2455 1780 2496; x_wconf 91' lang='lat' dir='ltr'><strong>me</strong></span> <span class='ocrx_word' id='word_1_121' title='bbox 1824 2436 2043 2496; x_wconf 87' lang='lat' dir='ltr'><strong>bonam</strong></span> <span class='ocrx_word' id='word_1_122' title='bbox 2089 2436 2433 2497; x_wconf 85' lang='lat' dir='ltr'><strong>disseminas</strong></span> 
     </span>
     <span class='ocr_line' id='line_1_22' title="bbox 947 2537 2424 2618; baseline 0.001 -23"><span class='ocrx_word' id='word_1_123' title='bbox 947 2545 1134 2596; x_wconf 91' lang='lat' dir='ltr'><strong>totum</strong></span> <span class='ocrx_word' id='word_1_124' title='bbox 1180 2556 1289 2618; x_wconf 86' lang='lat' dir='ltr'><strong>per</strong></span> <span class='ocrx_word' id='word_1_125' title='bbox 1334 2538 1570 2598; x_wconf 89' lang='lat' dir='ltr'><strong>orbem:</strong></span> <span class='ocrx_word' id='word_1_126' title='bbox 1618 2538 1819 2616; x_wconf 82' lang='lat' dir='ltr'><strong>ignota</strong></span> <span class='ocrx_word' id='word_1_127' title='bbox 1865 2556 2084 2598; x_wconf 87' lang='lat' dir='ltr'><strong>noscor</strong></span> <span class='ocrx_word' id='word_1_128' title='bbox 2129 2537 2424 2599; x_wconf 89' lang='lat' dir='ltr'><strong>omnibus.</strong></span> 
     </span>
     <span class='ocr_line' id='line_1_23' title="bbox 945 2636 2381 2720; baseline 0.001 -22"><span class='ocrx_word' id='word_1_129' title='bbox 945 2638 1090 2699; x_wconf 90' lang='lat' dir='ltr'><strong>Nam</strong></span> <span class='ocrx_word' id='word_1_130' title='bbox 1139 2649 1195 2700; x_wconf 90' lang='lat' dir='ltr'><strong>te</strong></span> <span class='ocrx_word' id='word_1_131' title='bbox 1241 2641 1448 2702; x_wconf 90' lang='lat' dir='ltr'><strong>marito</strong></span> <span class='ocrx_word' id='word_1_132' title='bbox 1494 2640 1631 2702; x_wconf 80' lang='lat' dir='ltr'><strong>cur⁹</strong></span> <span class='ocrx_word' id='word_1_133' title='bbox 1675 2640 1909 2720; x_wconf 85' lang='lat' dir='ltr'><strong>placere</strong></span> <span class='ocrx_word' id='word_1_134' title='bbox 1955 2658 2076 2701; x_wconf 93' lang='lat' dir='ltr'><strong>non</strong></span> <span class='ocrx_word' id='word_1_135' title='bbox 2125 2636 2381 2718; x_wconf 83' lang='lat' dir='ltr'><strong>queam?</strong></span> 
     </span>
     <span class='ocr_line' id='line_1_24' title="bbox 945 2740 2447 2821; baseline 0.001 -22"><span class='ocrx_word' id='word_1_136' title='bbox 945 2740 1291 2821; x_wconf 79' lang='lat' dir='ltr'><strong>Exemplum</strong></span> <span class='ocrx_word' id='word_1_137' title='bbox 1310 2745 1353 2776; x_wconf 87' lang='lat'><strong>¹⁰</strong></span> <span class='ocrx_word' id='word_1_138' title='bbox 1396 2743 1467 2803; x_wconf 95' lang='lat' dir='ltr'><strong>de</strong></span> <span class='ocrx_word' id='word_1_139' title='bbox 1514 2763 1606 2804; x_wconf 91' lang='lat' dir='ltr'><strong>me</strong></span> <span class='ocrx_word' id='word_1_140' title='bbox 1652 2743 1935 2803; x_wconf 88' lang='lat' dir='ltr'><strong>Romulae</strong></span> <span class='ocrx_word' id='word_1_141' title='bbox 1981 2752 2194 2802; x_wconf 87' lang='lat' dir='ltr'><strong>matres</strong></span> <span class='ocrx_word' id='word_1_142' title='bbox 2237 2749 2447 2820; x_wconf 90' lang='lat' dir='ltr'><strong>petunt</strong></span> 
     </span>
    </p>

    <p class='ocr_par' dir='ltr' id='par_1_8' title="bbox 802 2842 2517 3128">
     <span class='ocr_line' id='line_1_25' title="bbox 802 2842 2517 2925; baseline 0.001 -24"><span class='ocrx_word' id='word_1_143' title='bbox 802 2851 859 2901; x_wconf 77' lang='lat'><strong>35</strong></span> <span class='ocrx_word' id='word_1_144' title='bbox 944 2842 1333 2925; x_wconf 85' lang='lat' dir='ltr'><strong>subolemque</strong></span> <span class='ocrx_word' id='word_1_145' title='bbox 1378 2846 1704 2924; x_wconf 78' lang='lat' dir='ltr'><strong>pulchram,</strong></span> <span class='ocrx_word' id='word_1_146' title='bbox 1751 2845 1799 2906; x_wconf 89' lang='lat' dir='ltr'><strong>si</strong></span> <span class='ocrx_word' id='word_1_147' title='bbox 1845 2855 1978 2905; x_wconf 87' lang='lat' dir='ltr'><strong>tuae</strong></span> <span class='ocrx_word' id='word_1_148' title='bbox 2023 2843 2244 2916; x_wconf 88' lang='lat' dir='ltr'><strong>similis,</strong></span> <span class='ocrx_word' id='word_1_149' title='bbox 2290 2852 2517 2922; x_wconf 90' lang='lat' dir='ltr'><strong>putant.</strong></span> 
     </span>
     <span class='ocr_line' id='line_1_26' title="bbox 945 2945 2493 3027; baseline -0.001 -21"><span class='ocrx_word' id='word_1_150' title='bbox 945 2945 1170 3025; x_wconf 86' lang='lat' dir='ltr'><strong>Optant</strong></span> <span class='ocrx_word' id='word_1_151' title='bbox 1213 2948 1588 3027; x_wconf 88' lang='lat' dir='ltr'><strong>probantque</strong></span> <span class='ocrx_word' id='word_1_152' title='bbox 1635 2963 1799 3007; x_wconf 92' lang='lat' dir='ltr'><strong>nunc</strong></span> <span class='ocrx_word' id='word_1_153' title='bbox 1846 2946 1967 3017; x_wconf 83' lang='lat' dir='ltr'><strong>viri,</strong></span> <span class='ocrx_word' id='word_1_154' title='bbox 2018 2964 2179 3006; x_wconf 87' lang='lat' dir='ltr'><strong>nunc</strong></span> <span class='ocrx_word' id='word_1_155' title='bbox 2222 2946 2493 3019; x_wconf 84' lang='lat' dir='ltr'><strong>feminae,</strong></span> 
     </span>
     <span class='ocr_line' id='line_1_27' title="bbox 944 3047 2151 3128; baseline 0.001 -22"><span class='ocrx_word' id='word_1_156' title='bbox 944 3066 1092 3125; x_wconf 88' lang='lat' dir='ltr'><strong>quae</strong></span> <span class='ocrx_word' id='word_1_157' title='bbox 1141 3059 1200 3109; x_wconf 88' lang='lat' dir='ltr'><strong>tu</strong></span> <span class='ocrx_word' id='word_1_158' title='bbox 1250 3050 1528 3128; x_wconf 88' lang='lat' dir='ltr'><strong>magister</strong></span> <span class='ocrx_word' id='word_1_159' title='bbox 1572 3047 1833 3109; x_wconf 90' lang='lat' dir='ltr'><strong>indidisti</strong></span> <span class='ocrx_word' id='word_1_160' title='bbox 1878 3047 2151 3126; x_wconf 81' lang='lat' dir='ltr'><strong>insignia.</strong></span> 
     </span>
    </p>

    <p class='ocr_par' dir='ltr' id='par_1_9' title="bbox 941 3149 2541 3332">
     <span class='ocr_line' id='line_1_28' title="bbox 944 3149 2541 3230; baseline 0.001 -22"><span class='ocrx_word' id='word_1_161' title='bbox 944 3149 1048 3210; x_wconf 88' lang='lat' dir='ltr'><strong>His</strong></span> <span class='ocrx_word' id='word_1_162' title='bbox 1097 3170 1258 3212; x_wconf 89' lang='lat' dir='ltr'><strong>nunc</strong></span> <span class='ocrx_word' id='word_1_163' title='bbox 1303 3152 1589 3230; x_wconf 84' lang='lat' dir='ltr'><strong>ademptis</strong></span> <span class='ocrx_word' id='word_1_164' title='bbox 1634 3160 1854 3210; x_wconf 88' lang='lat' dir='ltr'><strong>maesta</strong></span> <span class='ocrx_word' id='word_1_165' title='bbox 1899 3150 2161 3210; x_wconf 85' lang='lat' dir='ltr'><strong>coniunx</strong></span> <span class='ocrx_word' id='word_1_166' title='bbox 2207 3168 2491 3223; x_wconf 86' lang='lat' dir='ltr'><strong>maceror,</strong></span> <span class='ocrx_word' id='word_1_167' title='bbox 2532 3218 2541 3228; x_wconf 41' lang='lat'><em>,</em></span> 
     </span>
     <span class='ocr_line' id='line_1_29' title="bbox 941 3250 2117 3332; baseline 0.001 -22"><span class='ocrx_word' id='word_1_168' title='bbox 941 3250 1097 3327; x_wconf 83' lang='lat' dir='ltr'><strong>felix,</strong></span> <span class='ocrx_word' id='word_1_169' title='bbox 1146 3254 1417 3313; x_wconf 88' lang='lat' dir='ltr'><strong>maritum</strong></span> <span class='ocrx_word' id='word_1_170' title='bbox 1462 3254 1511 3314; x_wconf 90' lang='lat' dir='ltr'><strong>si</strong></span> <span class='ocrx_word' id='word_1_171' title='bbox 1555 3251 1931 3332; x_wconf 85' lang='lat' dir='ltr'><strong>superstitem</strong></span> <span class='ocrx_word' id='word_1_172' title='bbox 1979 3252 2117 3312; x_wconf 87' lang='lat' dir='ltr'><strong>mihi</strong></span> 
     </span>
    </p>

    <p class='ocr_par' dir='ltr' id='par_1_10' title="bbox 798 3352 2154 3428">
     <span class='ocr_line' id='line_1_30' title="bbox 798 3352 2154 3428; baseline 0.001 -17"><span class='ocrx_word' id='word_1_173' title='bbox 798 3361 857 3411; x_wconf 76' lang='lat'><strong>40</strong></span> <span class='ocrx_word' id='word_1_174' title='bbox 944 3352 1059 3414; x_wconf 85' lang='lat' dir='ltr'><strong>divi</strong></span> <span class='ocrx_word' id='word_1_175' title='bbox 1103 3353 1419 3426; x_wconf 88' lang='lat' dir='ltr'><strong>dedissent,</strong></span> <span class='ocrx_word' id='word_1_176' title='bbox 1463 3355 1563 3416; x_wconf 85' lang='lat' dir='ltr'><strong>sed</strong></span> <span class='ocrx_word' id='word_1_177' title='bbox 1611 3363 1802 3415; x_wconf 89' lang='lat' dir='ltr'><strong>tamen</strong></span> <span class='ocrx_word' id='word_1_178' title='bbox 1851 3354 2008 3428; x_wconf 79' lang='lat' dir='ltr'><strong>felix,</strong></span> <span class='ocrx_word' id='word_1_179' title='bbox 2055 3364 2154 3414; x_wconf 93' lang='lat' dir='ltr'><strong>tua</strong></span> 
     </span>
    </p>
   </div>
   <div class='ocr_carea' id='block_1_3' title="bbox 360 3456 2919 4386">
    <p class='ocr_par' dir='ltr' id='par_1_11' title="bbox 944 3456 2439 3536">
     <span class='ocr_line' id='line_1_31' title="bbox 944 3456 2439 3536; baseline -0.002 -19"><span class='ocrx_word' id='word_1_180' title='bbox 944 3456 1078 3534; x_wconf 91' lang='lat' dir='ltr'><strong>quia</strong></span> <span class='ocrx_word' id='word_1_181' title='bbox 1124 3476 1253 3518; x_wconf 87' lang='lat' dir='ltr'><strong>sum</strong></span> <span class='ocrx_word' id='word_1_182' title='bbox 1299 3457 1501 3536; x_wconf 81' lang='lat' dir='ltr'><strong>fuique</strong></span> <span class='ocrx_word' id='word_1_183' title='bbox 1545 3466 1798 3536; x_wconf 91' lang='lat' dir='ltr'><strong>postque</strong></span> <span class='ocrx_word' id='word_1_184' title='bbox 1843 3467 2092 3518; x_wconf 88' lang='lat' dir='ltr'><strong>mortem</strong></span> <span class='ocrx_word' id='word_1_185' title='bbox 2137 3474 2274 3516; x_wconf 80' lang='lat' dir='ltr'><strong>mox</strong></span> <span class='ocrx_word' id='word_1_186' title='bbox 2317 3473 2439 3517; x_wconf 88' lang='lat' dir='ltr'><strong>ero.</strong></span> 
     </span>
    </p>

    <p class='ocr_par' dir='ltr' id='par_1_12' title="bbox 360 3550 2919 4386">
     <span class='ocr_line' id='line_1_32' title="bbox 534 3550 2916 3623; baseline 0.002 -22"><span class='ocrx_word' id='word_1_187' title='bbox 534 3550 732 3602; x_wconf 82' lang='lat' dir='ltr'><strong>Romae</strong></span> <span class='ocrx_word' id='word_1_188' title='bbox 766 3556 823 3603; x_wconf 87' lang='lat' dir='ltr'><strong>in</strong></span> <span class='ocrx_word' id='word_1_189' title='bbox 848 3570 1026 3605; x_wconf 77' lang='lat' dir='ltr'><strong>museo</strong></span> <span class='ocrx_word' id='word_1_190' title='bbox 1053 3556 1371 3622; x_wconf 77' lang='lat' dir='ltr'><strong>Capitolino,</strong></span> <span class='ocrx_word' id='word_1_191' title='bbox 1406 3560 1668 3606; x_wconf 80' lang='lat' dir='ltr'><strong>incertam</strong></span> <span class='ocrx_word' id='word_1_192' title='bbox 1693 3573 1796 3621; x_wconf 83' lang='lat' dir='ltr'><strong>quo</strong></span> <span class='ocrx_word' id='word_1_193' title='bbox 1823 3557 1937 3607; x_wconf 87' lang='lat' dir='ltr'><strong>loco</strong></span> <span class='ocrx_word' id='word_1_194' title='bbox 1961 3561 2194 3623; x_wconf 81' lang='lat' dir='ltr'><strong>reperta,</strong></span> <span class='ocrx_word' id='word_1_195' title='bbox 2229 3559 2371 3606; x_wconf 72' lang='lat' dir='ltr'><strong>basis</strong></span> <span class='ocrx_word' id='word_1_196' title='bbox 2394 3570 2590 3620; x_wconf 80' lang='lat' dir='ltr'><strong>magna</strong></span> <span class='ocrx_word' id='word_1_197' title='bbox 2614 3571 2916 3607; x_wconf 84' lang='lat' dir='ltr'><strong>marmorea</strong></span> 
     </span>
     <span class='ocr_line' id='line_1_33' title="bbox 369 3637 2919 3709; baseline 0 -20"><span class='ocrx_word' id='word_1_198' title='bbox 369 3639 472 3696; x_wconf 87' lang='lat' dir='ltr'><strong>(Vl</strong></span> <span class='ocrx_word' id='word_1_199' title='bbox 520 3637 641 3688; x_wconf 86' lang='grc'><strong><em>4779</em></strong></span> <span class='ocrx_word' id='word_1_200' title='bbox 687 3638 853 3689; x_wconf 75' lang='lat' dir='ltr'><strong>deser.</strong></span> <span class='ocrx_word' id='word_1_201' title='bbox 889 3639 1145 3703; x_wconf 75' lang='lat' dir='ltr'><strong>Henzen).</strong></span> <span class='ocrx_word' id='word_1_202' title='bbox 1230 3643 1326 3692; x_wconf 72' lang='lat' dir='ltr'><strong>Est</strong></span> <span class='ocrx_word' id='word_1_203' title='bbox 1381 3641 1568 3692; x_wconf 75' lang='lat' dir='ltr'><strong>titulus</strong></span> <span class='ocrx_word' id='word_1_204' title='bbox 1624 3642 1940 3706; x_wconf 78' lang='lat' dir='ltr'><strong>sepulcralis</strong></span> <span class='ocrx_word' id='word_1_205' title='bbox 1987 3643 2160 3709; x_wconf 75' lang='lat' dir='ltr'><strong>Vetti,</strong></span> <span class='ocrx_word' id='word_1_206' title='bbox 2198 3643 2530 3692; x_wconf 70' lang='lat' dir='ltr'><strong>Praetextati</strong></span> <span class='ocrx_word' id='word_1_207' title='bbox 2571 3639 2638 3691; x_wconf 85' lang='grc' dir='ltr'><strong>Ν.</strong></span> <span class='ocrx_word' id='word_1_208' title='bbox 2687 3642 2823 3693; x_wconf 74' lang='grc'><strong>4258</strong></span> <span class='ocrx_word' id='word_1_209' title='bbox 2869 3647 2919 3691; x_wconf 75' lang='lat' dir='ltr'><strong>et</strong></span> 
     </span>
     <span class='ocr_line' id='line_1_34' title="bbox 364 3724 2918 3791; baseline 0.002 -19"><span class='ocrx_word' id='word_1_210' title='bbox 364 3725 557 3773; x_wconf 72' lang='lat' dir='ltr'><strong>uoeoris</strong></span> <span class='ocrx_word' id='word_1_211' title='bbox 592 3727 704 3773; x_wconf 80' lang='lat' dir='ltr'><strong>eius</strong></span> <span class='ocrx_word' id='word_1_212' title='bbox 740 3725 978 3776; x_wconf 85' lang='lat' dir='ltr'><strong>Aconiae</strong></span> <span class='ocrx_word' id='word_1_213' title='bbox 1010 3725 1215 3776; x_wconf 82' lang='lat' dir='ltr'><strong>Fabiae</strong></span> <span class='ocrx_word' id='word_1_214' title='bbox 1251 3726 1528 3776; x_wconf 83' lang='lat' dir='ltr'><strong>Paullinae</strong></span> <span class='ocrx_word' id='word_1_215' title='bbox 1565 3724 1662 3787; x_wconf 76' lang='lat' dir='ltr'><strong>(cs.</strong></span> <span class='ocrx_word' id='word_1_216' title='bbox 1699 3725 1767 3776; x_wconf 86' lang='grc' dir='ltr'><strong>Ν.</strong></span> <span class='ocrx_word' id='word_1_217' title='bbox 1804 3727 1974 3791; x_wconf 83' lang='grc'><strong><em>4260).</em></strong></span> <span class='ocrx_word' id='word_1_218' title='bbox 2047 3727 2299 3778; x_wconf 82' lang='lat' dir='ltr'><strong>Carmina</strong></span> <span class='ocrx_word' id='word_1_219' title='bbox 2339 3729 2596 3776; x_wconf 75' lang='lat' dir='ltr'><strong>tractavit</strong></span> <span class='ocrx_word' id='word_1_220' title='bbox 2629 3725 2918 3776; x_wconf 74' lang='lat' dir='ltr'><strong>Buecheler</strong></span> 
     </span>
     <span class='ocr_line' id='line_1_35' title="bbox 365 3808 2918 3876; baseline 0.002 -22"><span class='ocrx_word' id='word_1_221' title='bbox 365 3808 475 3858; x_wconf 85' lang='lat' dir='ltr'><strong>ind.</strong></span> <span class='ocrx_word' id='word_1_222' title='bbox 500 3810 659 3859; x_wconf 75' lang='lat' dir='ltr'><strong>schol.</strong></span> <span class='ocrx_word' id='word_1_223' title='bbox 684 3808 884 3876; x_wconf 74' lang='lat' dir='ltr'><strong>Grypk.</strong></span> <span class='ocrx_word' id='word_1_224' title='bbox 913 3815 1041 3863; x_wconf 74' lang='lat' dir='ltr'><strong>aest.</strong></span> <span class='ocrx_word' id='word_1_225' title='bbox 1068 3810 1192 3861; x_wconf 81' lang='grc'><strong><em>4870</em></strong></span> <span class='ocrx_word' id='word_1_226' title='bbox 1209 3827 1265 3875; x_wconf 83' lang='lat' dir='ltr'><strong>p.</strong></span> <span class='ocrx_word' id='word_1_227' title='bbox 1286 3811 1369 3863; x_wconf 75' lang='grc'><strong>45.</strong></span> <span class='ocrx_word' id='word_1_228' title='bbox 1389 3840 1455 3848; x_wconf 90' lang='grc'>-</span> <span class='ocrx_word' id='word_1_229' title='bbox 1488 3814 1531 3874; x_wconf 90' lang='lat' dir='ltr'><strong>l)</strong></span> <span class='ocrx_word' id='word_1_230' title='bbox 1557 3811 1873 3863; x_wconf 66' lang='lat' dir='ltr'><strong>Sacer-dotia</strong></span> <span class='ocrx_word' id='word_1_231' title='bbox 1893 3813 2229 3862; x_wconf 69' lang='lat' dir='ltr'><strong>Praetextati</strong></span> <span class='ocrx_word' id='word_1_232' title='bbox 2251 3817 2524 3861; x_wconf 77' lang='lat' dir='ltr'><strong>enumerat</strong></span> <span class='ocrx_word' id='word_1_233' title='bbox 2550 3814 2711 3861; x_wconf 79' lang='lat' dir='ltr'><strong>eiiam</strong></span> <span class='ocrx_word' id='word_1_234' title='bbox 2731 3812 2918 3860; x_wconf 74' lang='lat' dir='ltr'><strong>titulus</strong></span> 
     </span>
     <span class='ocr_line' id='line_1_36' title="bbox 363 3893 2917 3961; baseline 0.001 -19"><span class='ocrx_word' id='word_1_235' title='bbox 363 3895 416 3942; x_wconf 82' lang='lat' dir='ltr'><strong>ei</strong></span> <span class='ocrx_word' id='word_1_236' title='bbox 435 3897 638 3957; x_wconf 72' lang='lat' dir='ltr'><strong>positus</strong></span> <span class='ocrx_word' id='word_1_237' title='bbox 665 3893 719 3943; x_wconf 89' lang='lat' dir='ltr'><em>V</em></span> <span class='ocrx_word' id='word_1_238' title='bbox 714 3895 745 3944; x_wconf 89' lang='lat' dir='ltr'><em>I</em></span> <span class='ocrx_word' id='word_1_239' title='bbox 762 3895 903 3945; x_wconf 85' lang='grc'><strong><em>4778.</em></strong></span> <span class='ocrx_word' id='word_1_240' title='bbox 928 3923 995 3932; x_wconf 88' lang='grc'><strong>--</strong></span> <span class='ocrx_word' id='word_1_241' title='bbox 1032 3897 1080 3958; x_wconf 83' lang='grc'><strong>2)</strong></span> <span class='ocrx_word' id='word_1_242' title='bbox 1118 3893 1202 3955; x_wconf 75' lang='lat' dir='ltr'><strong>Cf.</strong></span> <span class='ocrx_word' id='word_1_243' title='bbox 1229 3913 1395 3961; x_wconf 78' lang='lat' dir='ltr'><strong>supra</strong></span> <span class='ocrx_word' id='word_1_244' title='bbox 1432 3896 1499 3947; x_wconf 86' lang='grc' dir='ltr'><strong>Ν.</strong></span> <span class='ocrx_word' id='word_1_245' title='bbox 1531 3898 1667 3947; x_wconf 76' lang='grc'><strong><em>4258</em></strong></span> <span class='ocrx_word' id='word_1_246' title='bbox 1689 3901 1801 3947; x_wconf 77' lang='lat' dir='ltr'><strong>not.</strong></span> <span class='ocrx_word' id='word_1_247' title='bbox 1825 3897 1852 3947; x_wconf 88' lang='grc'><strong><em>4</em></strong></span> <span class='ocrx_word' id='word_1_248' title='bbox 1873 3913 1978 3960; x_wconf 74' lang='lat' dir='ltr'><strong>seq.</strong></span> <span class='ocrx_word' id='word_1_249' title='bbox 2004 3925 2067 3933; x_wconf 97' lang='lat'><strong>—</strong></span> <span class='ocrx_word' id='word_1_250' title='bbox 2106 3897 2156 3958; x_wconf 89' lang='grc'><strong>3)</strong></span> <span class='ocrx_word' id='word_1_251' title='bbox 2198 3895 2424 3946; x_wconf 76' lang='lat' dir='ltr'><strong>Videtur</strong></span> <span class='ocrx_word' id='word_1_252' title='bbox 2444 3896 2780 3945; x_wconf 73' lang='lat' dir='ltr'><strong>scribendum</strong></span> <span class='ocrx_word' id='word_1_253' title='bbox 2817 3894 2917 3956; x_wconf 83' lang='lat' dir='ltr'><strong>vn,</strong></span> 
     </span>
     <span class='ocr_line' id='line_1_37' title="bbox 363 3977 2916 4045; baseline 0 -17"><span class='ocrx_word' id='word_1_254' title='bbox 363 3994 480 4028; x_wconf 79' lang='lat' dir='ltr'><strong>cum</strong></span> <span class='ocrx_word' id='word_1_255' title='bbox 526 3981 581 4028; x_wconf 85' lang='lat' dir='ltr'><strong>in</strong></span> <span class='ocrx_word' id='word_1_256' title='bbox 634 3979 788 4029; x_wconf 80' lang='lat' dir='ltr'><strong>titulo</strong></span> <span class='ocrx_word' id='word_1_257' title='bbox 830 3978 898 4031; x_wconf 87' lang='lat' dir='ltr'><strong>N.</strong></span> <span class='ocrx_word' id='word_1_258' title='bbox 935 3981 1070 4032; x_wconf 77' lang='grc'><strong><em>4258</em></strong></span> <span class='ocrx_word' id='word_1_259' title='bbox 1114 3980 1332 4032; x_wconf 76' lang='lat' dir='ltr'><strong>dicatur</strong></span> <span class='ocrx_word' id='word_1_260' title='bbox 1377 3983 1587 4045; x_wconf 67' lang='lat' dir='ltr'><strong>legatus</strong></span> <span class='ocrx_word' id='word_1_261' title='bbox 1630 3983 1836 4045; x_wconf 72' lang='lat' dir='ltr'><strong>septies.</strong></span> <span class='ocrx_word' id='word_1_262' title='bbox 1886 4009 1954 4018; x_wconf 90' lang='lat'>—</span> <span class='ocrx_word' id='word_1_263' title='bbox 2002 3983 2051 4039; x_wconf 85' lang='lat'><strong>4)</strong></span> <span class='ocrx_word' id='word_1_264' title='bbox 2087 3979 2167 4028; x_wconf 86' lang='lat' dir='ltr'><strong>De</strong></span> <span class='ocrx_word' id='word_1_265' title='bbox 2203 3979 2520 4030; x_wconf 72' lang='lat' dir='ltr'><strong>sacerdotiis</strong></span> <span class='ocrx_word' id='word_1_266' title='bbox 2555 3981 2811 4031; x_wconf 79' lang='lat' dir='ltr'><strong>Paulinae</strong></span> <span class='ocrx_word' id='word_1_267' title='bbox 2845 3977 2916 4039; x_wconf 77' lang='lat' dir='ltr'><strong>ef.</strong></span> 
     </span>
     <span class='ocr_line' id='line_1_38' title="bbox 361 4062 2915 4130; baseline -0 -17"><span class='ocrx_word' id='word_1_268' title='bbox 361 4062 428 4117; x_wconf 85' lang='grc' dir='ltr'><strong>Ν.</strong></span> <span class='ocrx_word' id='word_1_269' title='bbox 455 4063 600 4115; x_wconf 79' lang='grc'><strong><em>4260.</em></strong></span> <span class='ocrx_word' id='word_1_270' title='bbox 639 4093 702 4101; x_wconf 84' lang='grc'>-</span> <span class='ocrx_word' id='word_1_271' title='bbox 740 4066 794 4127; x_wconf 88' lang='lat'><strong>5)</strong></span> <span class='ocrx_word' id='word_1_272' title='bbox 832 4065 1005 4115; x_wconf 82' lang='lat' dir='ltr'><strong>Verba</strong></span> <span class='ocrx_word' id='word_1_273' title='bbox 1040 4071 1166 4115; x_wconf 76' lang='lat' dir='ltr'><strong>sunt</strong></span> <span class='ocrx_word' id='word_1_274' title='bbox 1189 4066 1461 4117; x_wconf 80' lang='lat' dir='ltr'><strong>Paulinae.</strong></span> <span class='ocrx_word' id='word_1_275' title='bbox 1499 4095 1565 4104; x_wconf 96' lang='lat'><strong>—</strong></span> <span class='ocrx_word' id='word_1_276' title='bbox 1602 4067 1652 4126; x_wconf 83' lang='lat'><strong>6)</strong></span> <span class='ocrx_word' id='word_1_277' title='bbox 1688 4066 1932 4130; x_wconf 82' lang='lat' dir='ltr'><strong>Apparet</strong></span> <span class='ocrx_word' id='word_1_278' title='bbox 1966 4067 2370 4115; x_wconf 54' lang='lat' dir='ltr'><strong>hademutam</strong></span> <span class='ocrx_word' id='word_1_279' title='bbox 2405 4064 2745 4114; x_wconf 73' lang='lat' dir='ltr'><strong>emendandis</strong></span> <span class='ocrx_word' id='word_1_280' title='bbox 2778 4069 2915 4113; x_wconf 77' lang='lat' dir='ltr'><strong>vele·</strong></span> 
     </span>
     <span class='ocr_line' id='line_1_39' title="bbox 360 4148 2915 4216; baseline 0.001 -17"><span class='ocrx_word' id='word_1_281' title='bbox 360 4164 481 4199; x_wconf 82' lang='lat' dir='ltr'><strong>rum</strong></span> <span class='ocrx_word' id='word_1_282' title='bbox 516 4152 841 4213; x_wconf 75' lang='lat' dir='ltr'><strong>scriptorum</strong></span> <span class='ocrx_word' id='word_1_283' title='bbox 878 4149 1148 4199; x_wconf 75' lang='lat' dir='ltr'><strong>codicibus</strong></span> <span class='ocrx_word' id='word_1_284' title='bbox 1184 4166 1400 4216; x_wconf 85' lang='lat' dir='ltr'><strong>operam</strong></span> <span class='ocrx_word' id='word_1_285' title='bbox 1432 4150 1634 4200; x_wconf 75' lang='lat' dir='ltr'><strong>dedisse</strong></span> <span class='ocrx_word' id='word_1_286' title='bbox 1658 4148 1755 4215; x_wconf 78' lang='lat' dir='ltr'><strong>(cs.</strong></span> <span class='ocrx_word' id='word_1_287' title='bbox 1780 4150 1921 4200; x_wconf 75' lang='lat' dir='ltr'><strong>Jahn</strong></span> <span class='ocrx_word' id='word_1_288' title='bbox 1946 4150 2066 4201; x_wconf 88' lang='lat' dir='ltr'><strong>Ber.</strong></span> <span class='ocrx_word' id='word_1_289' title='bbox 2092 4150 2188 4200; x_wconf 84' lang='lat' dir='ltr'><strong>der</strong></span> <span class='ocrx_word' id='word_1_290' title='bbox 2208 4152 2380 4201; x_wconf 68' lang='grc' dir='ltr'><strong>εἰὶσΙιε.</strong></span> <span class='ocrx_word' id='word_1_291' title='bbox 2410 4148 2522 4202; x_wconf 75' lang='lat' dir='ltr'><strong>Ges.</strong></span> <span class='ocrx_word' id='word_1_292' title='bbox 2547 4150 2675 4200; x_wconf 76' lang='grc'><strong><em>4854</em></strong></span> <span class='ocrx_word' id='word_1_293' title='bbox 2697 4165 2749 4213; x_wconf 84' lang='lat' dir='ltr'><strong>p.</strong></span> <span class='ocrx_word' id='word_1_294' title='bbox 2773 4148 2915 4214; x_wconf 71' lang='lat'><strong><em>54¹).</em></strong></span> 
     </span>
     <span class='ocr_line' id='line_1_40' title="bbox 362 4233 2915 4300; baseline -0 -16"><span class='ocrx_word' id='word_1_295' title='bbox 362 4262 424 4270; x_wconf 88' lang='lat'><strong>—</strong></span> <span class='ocrx_word' id='word_1_296' title='bbox 463 4236 514 4298; x_wconf 84' lang='lat'><strong>7)</strong></span> <span class='ocrx_word' id='word_1_297' title='bbox 551 4237 809 4285; x_wconf 83' lang='lat' dir='ltr'><strong>movestes</strong></span> <span class='ocrx_word' id='word_1_298' title='bbox 856 4234 993 4299; x_wconf 75' lang='lat' dir='ltr'><strong>lapis</strong></span> <span class='ocrx_word' id='word_1_299' title='bbox 1039 4236 1365 4294; x_wconf 73' lang='lat' dir='ltr'><strong>(emendavit</strong></span> <span class='ocrx_word' id='word_1_300' title='bbox 1400 4235 1620 4299; x_wconf 75' lang='lat' dir='ltr'><strong>Haupt).</strong></span> <span class='ocrx_word' id='word_1_301' title='bbox 1660 4263 1719 4270; x_wconf 89' lang='lat'><em>—</em></span> <span class='ocrx_word' id='word_1_302' title='bbox 1761 4236 1810 4298; x_wconf 90' lang='lat'><strong>8)</strong></span> <span class='ocrx_word' id='word_1_303' title='bbox 1848 4233 1939 4284; x_wconf 82' lang='lat' dir='ltr'><strong>Sic</strong></span> <span class='ocrx_word' id='word_1_304' title='bbox 1975 4235 2111 4299; x_wconf 78' lang='lat' dir='ltr'><strong>lapis</strong></span> <span class='ocrx_word' id='word_1_305' title='bbox 2148 4235 2282 4300; x_wconf 87' lang='lat' dir='ltr'><strong>(non</strong></span> <span class='ocrx_word' id='word_1_306' title='bbox 2319 4235 2552 4300; x_wconf 84' lang='lat' dir='ltr'><strong>morbis).</strong></span> <span class='ocrx_word' id='word_1_307' title='bbox 2591 4261 2655 4270; x_wconf 91' lang='lat'>—</span> <span class='ocrx_word' id='word_1_308' title='bbox 2693 4237 2742 4297; x_wconf 85' lang='lat'><strong>9)</strong></span> <span class='ocrx_word' id='word_1_309' title='bbox 2779 4233 2915 4284; x_wconf 79' lang='lat' dir='ltr'><strong>For-</strong></span> 
     </span>
     <span class='ocr_line' id='line_1_41' title="bbox 361 4318 1909 4386; baseline 0.002 -19"><span class='ocrx_word' id='word_1_310' title='bbox 361 4323 499 4367; x_wconf 73' lang='lat' dir='ltr'><strong>tasse</strong></span> <span class='ocrx_word' id='word_1_311' title='bbox 531 4334 633 4371; x_wconf 73' lang='lat' dir='ltr'><strong>scr.</strong></span> <span class='ocrx_word' id='word_1_312' title='bbox 671 4319 752 4370; x_wconf 90' lang='lat' dir='ltr'><strong>cui</strong></span> <span class='ocrx_word' id='word_1_313' title='bbox 790 4318 896 4383; x_wconf 85' lang='lat' dir='ltr'><strong>(Jo.</strong></span> <span class='ocrx_word' id='word_1_314' title='bbox 933 4318 1245 4386; x_wconf 74' lang='lat' dir='ltr'><strong>Schrader).</strong></span> <span class='ocrx_word' id='word_1_315' title='bbox 1286 4348 1347 4357; x_wconf 90' lang='lat'><strong>—</strong></span> <span class='ocrx_word' id='word_1_316' title='bbox 1393 4324 1471 4383; x_wconf 79' lang='lat'><strong>¹0)</strong></span> <span class='ocrx_word' id='word_1_317' title='bbox 1509 4320 1621 4371; x_wconf 84' lang='lat' dir='ltr'><strong>Ser.</strong></span> <span class='ocrx_word' id='word_1_318' title='bbox 1660 4319 1909 4383; x_wconf 82' lang='lat' dir='ltr'><strong>exempla.</strong></span> 
     </span>
    </p>
   </div>
   <div class='ocr_carea' id='block_1_4' title="bbox 360 4486 2915 4775">
    <p class='ocr_par' dir='ltr' id='par_1_13' title="bbox 360 4486 2915 4775">
     <span class='ocr_line' id='line_1_42' title="bbox 530 4486 2915 4560; baseline 0 -10"><span class='ocrx_word' id='word_1_319' title='bbox 530 4486 703 4556; x_wconf 76' lang='lat'>1260</span> <span class='ocrx_word' id='word_1_320' title='bbox 768 4488 982 4551; x_wconf 88' lang='lat' dir='ltr'><strong>Fabiae</strong></span> <span class='ocrx_word' id='word_1_321' title='bbox 1028 4491 1284 4551; x_wconf 75' lang='lat' dir='ltr'><strong>Aconiae</strong></span> <span class='ocrx_word' id='word_1_322' title='bbox 1332 4489 1605 4550; x_wconf 85' lang='lat' dir='ltr'><strong>Paulinae</strong></span> <span class='ocrx_word' id='word_1_323' title='bbox 1651 4508 1702 4549; x_wconf 91' lang='lat' dir='ltr'><strong>c.</strong></span> <span class='ocrx_word' id='word_1_324' title='bbox 1750 4491 1812 4560; x_wconf 60' lang='grc' dir='ltr'><strong>ᾗ,</strong></span> <span class='ocrx_word' id='word_1_325' title='bbox 1869 4489 2022 4549; x_wconf 86' lang='lat' dir='ltr'><strong>tiliae</strong></span> <span class='ocrx_word' id='word_1_326' title='bbox 2067 4490 2285 4550; x_wconf 87' lang='lat' dir='ltr'><strong>Aconis</strong></span> <span class='ocrx_word' id='word_1_327' title='bbox 2331 4489 2603 4550; x_wconf 88' lang='lat' dir='ltr'><strong>Catullini</strong></span> <span class='ocrx_word' id='word_1_328' title='bbox 2644 4510 2696 4549; x_wconf 83' lang='lat' dir='ltr'><strong>v.</strong></span> <span class='ocrx_word' id='word_1_329' title='bbox 2746 4509 2795 4550; x_wconf 90' lang='lat' dir='ltr'><strong>c.</strong></span> <span class='ocrx_word' id='word_1_330' title='bbox 2844 4509 2915 4551; x_wconf 84' lang='lat' dir='ltr'><strong>ex</strong></span> 
     </span>
     <span class='ocr_line' id='line_1_43' title="bbox 360 4592 2914 4671; baseline 0.001 -20"><span class='ocrx_word' id='word_1_331' title='bbox 360 4594 545 4671; x_wconf 80' lang='lat' dir='ltr'><strong>praes.</strong></span> <span class='ocrx_word' id='word_1_332' title='bbox 594 4601 653 4652; x_wconf 89' lang='lat' dir='ltr'><strong>et</strong></span> <span class='ocrx_word' id='word_1_333' title='bbox 697 4592 940 4652; x_wconf 91' lang='lat' dir='ltr'><strong>consule</strong></span> <span class='ocrx_word' id='word_1_334' title='bbox 973 4593 1144 4664; x_wconf 87' lang='lat' dir='ltr'><strong>ord.¹,</strong></span> <span class='ocrx_word' id='word_1_335' title='bbox 1194 4593 1359 4652; x_wconf 87' lang='lat' dir='ltr'><strong>uxori</strong></span> <span class='ocrx_word' id='word_1_336' title='bbox 1394 4592 1541 4652; x_wconf 84' lang='lat' dir='ltr'><strong>Vetti</strong></span> <span class='ocrx_word' id='word_1_337' title='bbox 1581 4592 1936 4652; x_wconf 84' lang='lat' dir='ltr'><strong>Praetextati</strong></span> <span class='ocrx_word' id='word_1_338' title='bbox 1981 4611 2031 4650; x_wconf 87' lang='lat' dir='ltr'><strong>v.</strong></span> <span class='ocrx_word' id='word_1_339' title='bbox 2079 4610 2129 4652; x_wconf 92' lang='lat' dir='ltr'><strong>c.</strong></span> <span class='ocrx_word' id='word_1_340' title='bbox 2176 4593 2360 4670; x_wconf 79' lang='lat' dir='ltr'><strong>praef.</strong></span> <span class='ocrx_word' id='word_1_341' title='bbox 2407 4602 2467 4652; x_wconf 91' lang='lat' dir='ltr'><strong>et</strong></span> <span class='ocrx_word' id='word_1_342' title='bbox 2508 4593 2767 4654; x_wconf 89' lang='lat' dir='ltr'><strong>consulis</strong></span> <span class='ocrx_word' id='word_1_343' title='bbox 2812 4594 2914 4654; x_wconf 89' lang='lat' dir='ltr'><strong>de-</strong></span> 
     </span>
     <span class='ocr_line' id='line_1_44' title="bbox 360 4692 2913 4775; baseline 0 -20"><span class='ocrx_word' id='word_1_344' title='bbox 360 4695 591 4772; x_wconf 84' lang='lat' dir='ltr'><strong>signati,</strong></span> <span class='ocrx_word' id='word_1_345' title='bbox 637 4702 895 4755; x_wconf 85' lang='lat' dir='ltr'><strong>sacratae</strong></span> <span class='ocrx_word' id='word_1_346' title='bbox 942 4694 1094 4773; x_wconf 86' lang='lat' dir='ltr'><strong>apud</strong></span> <span class='ocrx_word' id='word_1_347' title='bbox 1130 4693 1468 4755; x_wconf 86' lang='lat' dir='ltr'><strong>Eleusinam</strong></span> <span class='ocrx_word' id='word_1_348' title='bbox 1506 4694 1615 4754; x_wconf 91' lang='lat' dir='ltr'><strong>deo</strong></span> <span class='ocrx_word' id='word_1_349' title='bbox 1652 4692 1861 4754; x_wconf 89' lang='lat' dir='ltr'><strong>laccho</strong></span> <span class='ocrx_word' id='word_1_350' title='bbox 1894 4695 2090 4755; x_wconf 88' lang='lat' dir='ltr'><strong>Cereri</strong></span> <span class='ocrx_word' id='word_1_351' title='bbox 2123 4703 2181 4755; x_wconf 90' lang='lat' dir='ltr'><strong>et</strong></span> <span class='ocrx_word' id='word_1_352' title='bbox 2212 4695 2411 4762; x_wconf 87' lang='lat' dir='ltr'><strong>Corae,</strong></span> <span class='ocrx_word' id='word_1_353' title='bbox 2458 4703 2713 4755; x_wconf 86' lang='lat' dir='ltr'><strong>sacratae</strong></span> <span class='ocrx_word' id='word_1_354' title='bbox 2760 4696 2913 4775; x_wconf 89' lang='lat' dir='ltr'><strong>apud</strong></span> 
     </span>
    </p>
   </div>
  </div>
 </body>
</html>
