3432 5387
550 388 674 445 368
1680 390 1860 458 Caput
1894 390 1970 444 VI
1979 435 1989 445 .

1211 626 1419 704 Servi
1476 637 1548 703 et
1599 629 1833 704 liberti
1885 614 2485 726 publicanorum.²

725 795 888 865 1851
1090 842 1418 859 ......
1465 799 1560 859 ci.¹
1607 799 1673 859 L.
1719 798 1759 858 l.
1806 800 1988 876 Agato
2033 797 2332 879 portitor.²
2371 817 2492 860 soc.
2538 797 2614 860 s.⁸

1089 944 1415 960 ......
1463 900 1889 979 columnasque
1934 900 2109 979 mag.⁴
2152 901 2221 959 fi-

1091 996 1160 1085 [li
1197 1004 1295 1062 sui
1334 1012 1384 1062 et
1430 996 1563 1087 s]uo
1609 1002 1904 1063 Menervai
1951 1002 2006 1061 d.
2054 1001 2109 1061 d.
2156 1000 2196 1061 1.
2243 1019 2319 1061 m.

725 1102 874 1151 Inter
909 1102 1211 1166 Aquileiam
1246 1107 1299 1151 ee
1338 1100 1582 1166 Tergeste
1617 1118 1747 1167 rep„
1783 1107 1861 1152 est
1888 1101 2135 1167 Tergeste
2173 1101 2390 1161 (14462.
2430 1102 2481 1153 V
2500 1101 2602 1155 705
2634 1102 2774 1153 vidit
2795 1102 3155 1163 Mommsen,-

552 1185 756 1237 Bitscbl
796 1188 900 1238 tab.
936 1185 1109 1237 LXXI
1129 1186 1205 1249 d).
1233 1214 1297 1223 —
1342 1188 1389 1247 1)
1429 1184 1592 1236 Casus
1619 1188 1835 1251 primus
1863 1187 2135 1251 gentilieii
2168 1187 2459 1237 desinentis
2494 1189 2553 1237 in
2588 1186 2714 1238 cius·
2750 1216 2817 1224 —
2855 1189 2905 1249 2)
2950 1187 3151 1237 Porti-

551 1273 690 1321 toris
713 1272 1028 1321 vocabulum
1053 1271 1267 1320 videtur
1286 1274 1470 1334 postea
1495 1271 1759 1336 additum,
1783 1287 1899 1321 eum
1918 1273 2159 1337 primum
2183 1274 2298 1321 eius
2323 1271 2437 1321 loco
2459 1270 2635 1332 fuerit
2655 1286 2763 1324 soc.
2788 1286 2848 1334 8.,
2884 1286 3143 1336 quar-um

551 1356 856 1405 litterarum
894 1356 1160 1420 reliquiae
1193 1354 1371 1405 adhuc
1405 1357 1484 1404 ibi
1518 1358 1830 1409 cernuntur.
1856 1385 1924 1395 —
1961 1360 2013 1419 3)
2048 1357 2331 1407 Sociorum
2364 1370 2561 1406 servus.
2607 1383 2675 1393 —
2712 1359 2765 1412 4)
2800 1355 3146 1420 Megisten-io

553 1440 717 1506 (quae
749 1445 1048 1505 sequuntur
1081 1439 1349 1505 supplevit
1381 1438 1531 1505 Mo.).
1567 1466 1636 1476 —
1674 1439 1878 1490 Similis
1912 1445 1988 1490 est
2023 1442 2215 1490 titulus
2248 1441 2606 1505 Aquileiensis
2642 1441 2700 1491 V
2722 1442 2837 1493 792.

720 1574 894 1646 1852
956 1577 1338 1655 Euhangelus
1376 1574 1388 1658 Ι
1425 1595 1547 1637 soc.
1591 1576 1802 1636 XXXX
1845 1579 1981 1638 ser.¹
2023 1575 2032 1658 Ι
2072 1578 2364 1639 Mercurio
2402 1578 2414 1650 Ι
2454 1598 2503 1638 v.
2549 1597 2595 1638 S.
2641 1578 2679 1637 1.
2728 1596 2803 1638 m.

722 1677 785 1726 In
822 1679 940 1726 vico
982 1673 1154 1727 Thbza
1194 1691 1365 1741 prope
1401 1676 1712 1740 Perpignan
1761 1674 1888 1740 (XII
1919 1677 2102 1742 5562).
2149 1704 2221 1715 -
2268 1677 2315 1739 1)
2352 1676 2635 1728 Sociorum
2673 1676 3144 1742 quadragesimae

546 1776 746 1811 servus.

717 1894 889 1965 1853
956 1897 1193 1959 Pudens
1237 1917 1359 1958 soc.
1399 1896 1409 1978 Ι
1448 1897 1590 1977 pub.
1622 1897 1723 1956 XL
1754 1915 1869 1958 ser.
1918 1893 1981 1980 Ι>
2024 1899 2160 1958 scr.¹
2206 1897 2371 1957 finib.
2410 1897 2422 1978 Ι
2463 1897 2616 1958 Cotti
2662 1897 2834 1969 vovit,
2873 1895 2885 1977 Ι
2922 1915 3133 1957 arear.

551 1999 780 2077 Lugud.
821 1996 831 2077 Ι
870 2017 916 2058 s.
962 1997 1001 2058 l.
1047 2016 1126 2058 m.

719 2098 1044 2161 Aviglianae
1071 2098 1238 2157 (inter
1273 2096 1619 2160 Segusionem
1657 2102 1709 2146 el
1749 2096 2092 2164 Taurinum),
2124 2099 2222 2147 ubi
2253 2095 2368 2158 fuit
2402 2100 2609 2147 mansio
2633 2097 2799 2149 Fines
2827 2095 2969 2147 Cotti
3007 2100 3131 2146 sive

549 2183 716 2233 Fines
761 2181 1216 2245 Quadragesimae
1265 2179 1360 2241 (el'.
1408 2180 1696 2230 Mommsen
1745 2181 1797 2233 C.
1846 2182 1896 2232 V
1936 2199 1990 2248 p.
2024 2182 2175 2248 811),
2222 2197 2366 2232 nune
2407 2181 2637 2233 Taurini
2685 2182 2762 2242 (V
2792 2182 2930 2234 72Ιὸ
2979 2182 3132 2232 vidit

549 2267 882 2333 Mommsen).
966 2267 1144 2318 Simul
1194 2265 1402 2331 prodiit
1444 2265 1582 2315 aller
1626 2265 1764 2330 lapis
1809 2267 1997 2316 iisdem
2042 2270 2217 2318 verbis
2258 2268 2570 2332 inscriptus.
2617 2295 2682 2304 —
2737 2268 2786 2330 1)
2831 2266 3126 2318 Sociorum

543 2350 748 2416 publici
782 2351 1226 2415 quadragesimae
1257 2366 1444 2401 servus
1476 2354 1920 2417 contr-ascriptor.

719 2485 891 2555 1854
955 2490 1012 2549 d.
1046 2507 1122 2548 m.
1157 2484 1168 2569 Ι
1201 2483 1584 2569 νὶοῑοήΙυθθε
1615 2485 1625 2570 Ι
1661 2488 2016 2561 meministis,
2053 2485 2062 2571 Ι
2102 2489 2175 2548 Μ.
2205 2489 2490 2568 Tarquini
2524 2487 2534 2571 Ι
2567 2489 2844 2550 Memoris
2881 2490 2925 2551 Ο
2964 2488 3071 2549 XL
3110 2486 3121 2570 Ι
3214 2487 3217 2488 ’

555 2590 738 2650 Gau.¹
785 2609 922 2662 ser„
968 2591 1117 2651 vilic.
1181 2594 1190 2665 Ι
1251 2590 1523 2652 stationis
1567 2590 1742 2663 Ped.‚
1800 2588 1811 2673 Ι
1874 2591 2112 2669 coniugi
2159 2587 2507 2676 carislsimae
2552 2600 2613 2652 et
2656 2593 2728 2652 de
2772 2610 2835 2652 se
2886 2589 2897 2672 Ι
2958 2589 3120 2651 bene

547 2693 820 2756 merenti.

717 2794 898 2859 Bor-go
936 2793 1046 2844 San
1070 2792 1365 2843 Dalmazzo
1399 2797 1591 2858 (prope
1628 2794 1846 2858 Cuneo),
1881 2796 1975 2843 ubi
2007 2792 2120 2854 fuit
2156 2794 2294 2844 Pedo
2332 2794 2421 2859 (V
2440 2795 2575 2845 7852
2613 2793 2754 2843 vidit
2775 2793 3113 2858 Mommsen).

547 2905 611 2916 —
667 2881 717 2940 1)
767 2878 1121 2929 conductoris
1168 2878 1611 2943 quadragesimae
1661 2877 1960 2928 Galliarum
2009 2878 2161 2943 (nola
2210 2885 2246 2935 0
2290 2894 2398 2943 pro
2445 2879 2767 2929 conductore
2823 2878 2959 2927 alibi
3006 2894 3117 2928 non

544 2966 858 3028 reperitur).

725 3094 892 3165 1855
935 3099 1175 3159 Numini
1225 3102 1544 3179 Augustor.
1579 3098 1588 3182 Ι
1624 3108 1683 3160 et
1726 3098 1914 3160 Genio
1961 3119 2018 3180 p.
2064 3101 2168 3179 ρ),
2214 3099 2463 3160 Hermes
2497 3101 2503 3180 Ι
2540 3099 2823 3160 Iuliorum
2856 3098 3114 3183 lanulari

550 3199 855 3278 Capitonis
894 3198 904 3279 Ι
943 3199 1371 3280 Epaphroditi²
1405 3199 1415 3283 Ι
1457 3201 1888 3262 conductorum
1928 3199 1940 3281 Ι
1978 3220 2036 3280 p.
2068 3202 2148 3281 p.¹
2183 3200 2397 3281 lllyrici
2443 3209 2500 3262 et
2538 3197 2548 3284 Ι
2588 3202 2749 3279 ripae
2782 3201 3068 3262 Thraciae
3101 3198 3111 3283 Ι

543 3320 658 3361 ser.
703 3300 826 3361 vil..
873 3302 1090 3379 posuit.

721 3399 891 3470 1856
956 3403 1001 3463 1.
1050 3423 1104 3463 o.
1151 3422 1226 3465 m.
1269 3401 1279 3484 Ι
1320 3414 1380 3465 et
1423 3424 1586 3466 num.
1619 3408 1766 3484 Aug.
1815 3424 1875 3465 n.
1916 3402 1927 3485 Ι
1966 3415 2023 3467 et
2066 3425 2125 3486 p.
2172 3407 2273 3486 p.¹‚
2321 3423 2485 3485 proc.
2528 3401 2539 3487 Ι
2577 3404 2818 3465 Avianio
2850 3400 3111 3485 Belllico‚

545 3506 769 3567 Maecio
809 3505 818 3583 Ι
859 3505 1023 3566 Caes.
1059 3524 1117 3564 n.
1166 3524 1317 3566 serv.
1359 3503 1369 3588 Ι
1407 3507 1610 3567 vilicus
1639 3505 1919 3588 vecltigal.
1951 3504 2236 3589 lllyrilci³‚
2283 3506 2422 3567 idib.
2455 3507 2613 3587 Sept.
2656 3506 2667 3587 Ι
2707 3505 2973 3567 Mamert.
3006 3516 3066 3566 et
3099 3505 3110 3588 Ι

544 3606 699 3667 Rufo
746 3608 891 3667 cos!

716 3704 970 3771 Nicopoli
1015 3707 1087 3756 ad
1122 3707 1318 3756 Istrum
1350 3722 1462 3771 rep.
1502 3706 1614 3771 (III
1641 3707 1755 3758 751.
1790 3707 1891 3759 752
1930 3708 2010 3758 ΙΙΙ
2045 3708 2100 3759 S.
2133 3708 2278 3768 7434,
2313 3707 2445 3760 7455
2496 3708 2632 3758 vidit
2665 3706 3109 3772 Domaszewski).

545 3818 606 3825 —-
653 3792 700 3853 1)
723 3790 931 3839 Publici
959 3793 1214 3855 por-lorii.
1249 3821 1316 3829 —
1342 3793 1392 3855 2)
1420 3790 1584 3841 Genio
1621 3793 1814 3842 borum
1850 3795 2014 3843 trium
2042 3792 2300 3842 Iuliorum
2326 3794 2392 3842 ab
2430 3793 2529 3841 boc
2562 3793 2679 3857 ipso
2717 3792 2911 3841 Herma
2947 3792 3109 3842 vilico

537 3875 748 3937 positus
797 3879 874 3924 est
909 3876 1100 3926 titulus
1133 3891 1299 3940 supra
1333 3876 1401 3927 Ν.
1436 3876 1577 3937 4464,
1612 3879 1713 3926 uni
1748 3893 1818 3927 ex
1859 3880 1950 3938 eis,
1990 3876 2257 3943 Capitoni,
2293 3874 2359 3927 Ν.
2399 3875 2537 3927 4465.
2575 3904 2644 3913 -
2688 3878 2737 3940 3)
2772 3878 3017 3943 Apparet
3049 3893 3107 3925 eo

544 3962 781 4022 tempor-e
805 3975 909 4024 quo
936 3960 1127 4010 titulus
1150 3959 1217 4011 N.
1242 3961 1372 4012 4856
1390 3963 1599 4025 positus
1622 3966 1715 4023 est,
1734 3964 2045 4026 portorium
2071 3962 2285 4028 lllyrici
2312 3962 2421 4011 iam
2445 3961 2659 4011 desiisse
2684 3961 2858 4011 locari
2883 3960 3109 4012 eonduc-

542 4044 778 4108 toribus,
829 4050 881 4094 ee
916 4046 1354 4096 administratum
1391 4062 1499 4095 esse
1544 4063 1578 4095 a
1626 4048 1794 4096 servis
1841 4046 2105 4110 Caesaris,
2154 4061 2339 4096 euram
2384 4050 2575 4110 agente
2615 4050 2991 4111 procuratore.
3041 4072 3109 4083 —

542 4130 593 4191 4)
628 4128 692 4180 A.
729 4128 846 4179 482.

714 4280 885 4349 1857
950 4284 1005 4344 d.
1052 4285 1090 4345 i.
1139 4285 1238 4345 M)
1290 4285 1304 4364 Ι
1351 4284 1647 4364 Eutyches
1699 4284 1709 4366 Ι
1763 4285 1962 4345 Iulior.
2017 4281 2026 4364 Ι
2078 4302 2127 4343 c.
2174 4303 2231 4363 p.
2278 4283 2363 4363 μ’
2404 4301 2519 4345 ser.
2553 4288 2587 4337 7
2622 4301 2736 4343 scr.
2779 4284 2789 4365 Ι
2839 4284 3107 4345 stationis

542 4382 790 4457 Boiod.⁸‚
832 4381 840 4466 Ι
880 4404 948 4446 ex
994 4386 1107 4447 vik.
1154 4387 1404 4465 Benigni
1449 4386 1543 4447 vil.
1586 4387 1596 4467 Ι
1634 4396 1765 4448 stat.
1811 4387 2107 4448 Atrantin.
2147 4389 2158 4463 Ι
2200 4403 2358 4447 aram
2402 4404 2535 4447 cum
2582 4386 2753 4464 signo
2792 4383 2805 4463 Ι
2844 4385 3047 4446 Lunae
3092 4385 3103 4466 Ι

543 4503 612 4544 ex
657 4494 792 4546 voto
839 4489 1055 4566 posuit,
1096 4488 1107 4570 Ι
1145 4508 1204 4568 p.
1251 4508 1300 4550 r.
1347 4508 1393 4549 s.
1441 4489 1507 4549 t!
1554 4488 1672 4549 cla.
1720 4489 1923 4550 Senill.

711 4585 969 4652 Hrastnig
1004 4589 1079 4638 ad
1110 4589 1309 4641 Savum
1344 4604 1454 4653 rep.
1494 4589 1587 4637 ubi
1620 4585 1736 4647 l'uit
1768 4590 1976 4639 mansio
2011 4588 2231 4651 Atrans,
2267 4589 2377 4637 iam
2404 4587 2639 4638 Laibaeb
2664 4586 2927 4655 (1115421
2962 4584 3109 4634 vidit

543 4665 874 4731 Mommsen).
911 4698 980 4707 ——
1019 4674 1069 4735 1)
1102 4672 1216 4723 Deo
1263 4675 1466 4723 invicto
1503 4672 1751 4723 Mithrae.
1790 4703 1855 4713 —-
1895 4675 1947 4733 2)
1985 4670 2385 4736 Significantur·
2429 4672 2545 4720 sine
2581 4672 2740 4723 dubio
2774 4670 2940 4720 iidem
2977 4668 3109 4719 Iulii

538 4751 883 4804 conductores
902 4755 1109 4821 publici
1124 4760 1367 4820 portorii
1391 4759 1486 4823 qui
1509 4756 1575 4808 Ν.
1601 4757 1750 4808 4855.
1779 4785 1843 4796 -·-
1882 4758 1932 4819 3)
1958 4756 2398 4822 Contraseriplor
2431 4757 2684 4805 stationis
2705 4755 3105 4808 Bocoaemnsis.
