3432 5387
1378 379 1551 436 Tituli
1584 381 1865 436 militares.
2773 386 2895 446 467

331 552 661 602 Britanniae
703 552 800 601 sub
848 550 1035 602 Marco
1082 555 1135 601 et
1180 552 1321 603 Vero
1368 551 1487 617 (vit.
1534 552 1710 603 Marci
1741 554 1804 615 8,·
1853 552 1907 606 C.
1944 552 2048 605 VII
2080 553 2204 618 758)
2253 558 2412 607 eiiam
2460 555 2652 609 bellum
2691 558 2901 612 Mareo-

330 639 645 687 mannicum
675 638 901 699 gessisse
934 637 1061 688 ltine
1095 640 1336 702 apparet.
1384 665 1451 675 —
1499 638 1582 699 10)
1632 636 1711 698 Cr.
1760 653 1927 704 supra
1970 636 2040 691 N.
2075 640 2217 692 4097.
2252 640 2397 694 4098.
2441 669 2508 678 -
2557 644 2640 706 11)
2675 644 2739 697 Α.
2777 644 2901 708 47ος

332 723 539 786 viginti
574 722 808 786 quinque
843 721 1018 784 igitur
1061 721 1329 785 stipendia
1372 725 1586 772 meruit.
1633 750 1701 759 —
1753 724 1836 777 12)
1885 722 1967 784 Cr.
2000 739 2166 789 supra
2201 723 2268 776 N.
2303 724 2447 777 4099.
2494 755 2557 763 -
2611 730 2696 792 13)
2735 728 2900 782 Lares

332 810 467 856 sunt
500 808 645 870 ipsae
680 806 919 855 canabae
942 803 1170 868 legionis
1198 804 1575 857 Troesmenses.
1599 834 1668 842 —
1707 808 1790 870 14)
1823 806 2022 857 Debuit
2054 824 2165 858 esse
2199 823 2329 861 cum.
2365 836 2430 846 -
2471 812 2554 874 15)
2587 810 2762 863 Mater
2795 815 2901 866 col-

333 889 468 956 legii
501 889 933 954 dendrophorum
971 888 1167 954 (mater
1200 890 1382 941 eadem
1416 907 1554 956 qnae
1579 891 1864 958 patrona).

506 1040 680 1111 2312
735 1045 792 1106 d.
836 1062 915 1105 m.
956 1042 966 1126 Ι
1018 1052 1077 1105 et
1130 1044 1451 1106 memoriae
1507 1053 1783 1106 aeternae
1830 1043 1841 1127 Ι
1896 1046 2100 1108 Attoni
2159 1046 2497 1110 Constantis
2548 1049 2559 1128 Ι
2610 1060 2725 1112 vet.
2782 1052 2896 1131 leg.

334 1144 498 1205 XXII
544 1146 607 1205 P.
653 1165 712 1225 p.
760 1146 822 1219 f„
866 1142 1099 1228 misslus
1156 1146 1406 1208 honesta
1450 1143 1780 1229 missiolne‚
1839 1148 2045 1210 castris
2101 1148 2260 1210 inter
2316 1147 2563 1232 celteros
2617 1161 2896 1216 convete-

335 1243 535 1331 raflnos
578 1265 719 1309 suos
762 1247 1054 1309 revocitus
1099 1255 1242 1322 (sic),
1281 1244 1292 1328 Ι
1330 1248 1552 1327 quique
1596 1248 1753 1310 bello
1784 1248 2150 1331 interlfectus
2178 1250 2343 1313 obiit.
2405 1252 2559 1313 Attia
2598 1249 2607 1334 Ι
2648 1253 2896 1316 Floren-

335 1350 461 1411 tina
506 1345 763 1433 conliugi
820 1349 1123 1411 carissimo
1174 1348 1185 1430 Ι
1239 1359 1297 1412 et
1356 1351 1466 1412 sibi
1526 1352 1647 1411 viva
1703 1349 2067 1433 ponenldum
2126 1354 2348 1415 curavit
2402 1362 2461 1415 et
2516 1355 2627 1416 sub
2678 1353 2690 1438 Ι
2740 1358 2893 1419 ascia

333 1451 639 1513 dedicavit.

509 1549 770 1615 Lugduni
804 1550 1075 1611 (Boissieu
1108 1552 1273 1602 inser.
1310 1551 1374 1601 de
1406 1550 1563 1618 Lyon
1591 1567 1649 1617 p.
1684 1552 1796 1604 332
1833 1567 1865 1601 a
1897 1554 2222 1621 prioribus).

505 1701 678 1772 2313
744 1704 799 1764 d.
856 1724 935 1765 m.
989 1701 999 1785 Ι
1051 1705 1118 1765 Τ.
1178 1704 1399 1767 Camul.
1457 1705 1522 1765 L.
1582 1706 1622 1767 s.
1668 1705 1918 1768 Laveni¹
1971 1705 1981 1788 Ι
2034 1708 2262 1769 emeriti
2318 1708 2431 1787 leg.
2492 1709 2572 1769 111
2629 1710 2831 1774 Gallie.
2880 1714 2889 1796 Ι

335 1805 583 1868 honesta
629 1806 908 1867 missione
950 1802 1168 1887 dolnati
1214 1805 1287 1866 ab
1331 1806 1539 1885 imper.
1586 1808 1895 1869 Antonino
1935 1810 1944 1885 Ι
1983 1809 2244 1887 Augusto
2291 1809 2395 1869 Pio
2450 1818 2510 1871 et
2551 1829 2621 1872 ex
2664 1813 2894 1875 volum-

334 1915 455 1968 tate
494 1903 505 1987 Ι
543 1908 682 1987 imp.
728 1907 1006 1967 Hadriani
1051 1908 1200 1985 Aug.
1259 1907 1590 1990 torlquibus
1636 1918 1696 1971 et
1751 1910 1991 1972 armillis
2036 1906 2248 1990 aurelia
2302 1912 2586 1991 suffragio
2644 1914 2895 1993 legionis

337 2005 346 2090 Ι
404 2008 707 2083 honorati,
768 2008 1025 2070 Camulia
1069 2010 1285 2070 Soror¹
1346 2018 1406 2069 et
1449 2011 1787 2089 Partegoria
1835 2057 1848 2071 .
1896 2056 1910 2071 .
1958 2030 2025 2073 ro
2053 2056 2067 2071 .
2116 2014 2218 2072 ,θ’
2279 2007 2389 2097 [ob]
2442 2011 2453 2095 Ι
2493 2013 2698 2074 merita
2750 2015 2894 2090 eiua,

336 2119 590 2190 patrono
636 2108 876 2192 opltimo
922 2119 981 2171 et
1025 2110 1311 2189 piissimo.

509 2210 782 2272 Grenoble,
818 2212 913 2260 ubi
945 2208 1059 2270 fuit
1085 2209 1282 2262 Cularo
1311 2217 1499 2277 postea
1536 2211 1682 2262 dicta
1709 2210 2114 2277 Gratianopolis
2150 2210 2444 2274 (Χ112230
2478 2211 2710 2273 fortasse
2740 2213 2902 2264 semel

337 2298 549 2346 tantum
584 2296 855 2361 descripta
890 2312 1027 2347 saec.
1062 2294 1232 2361 XVI).
1277 2324 1333 2332 —
1374 2297 1424 2357 1)
1460 2293 1696 2346 Nomina
1734 2300 2007 2362 corrupta.

501 2610 673 2682 2314
737 2615 792 2675 d.
852 2632 936 2677 m.
995 2634 1042 2675 s·
1088 2612 1102 2695 Ι
1152 2615 1216 2675 Ρ.
1275 2613 1409 2674 Aul.
1466 2609 1829 2697 Apollinario
1882 2610 1892 2695 Ι
1943 2612 2065 2674 mil.
2124 2614 2238 2693 leg.
2297 2612 2378 2674 111
2428 2611 2438 2696 Ι
2490 2615 2639 2693 Aug.
2698 2633 2770 2676 ex
2814 2614 2895 2676 111

337 2717 544 2800 Galus,
589 2718 698 2778 vix.
747 2736 888 2780 ann.
930 2715 939 2798 Ι
980 2715 1207 2790 XLVII,
1252 2718 1374 2779 mil.
1419 2716 1592 2790 XXV,
1632 2715 1641 2799 Ι
1682 2715 1790 2776 lul.
1838 2715 2062 2776 Lucilla
2099 2713 2110 2795 Ι
2149 2734 2295 2776 mar.
2343 2715 2546 2778 dulcis.

507 2834 786 2885 Lambaesi
821 2833 984 2899 (VIII
1010 2837 1144 2887 5049
1177 2835 1317 2885 vidit
1349 2833 1586 2899 Renier).
1625 2861 1687 2869 —
1729 2836 1779 2897 1)
1815 2831 2014 2882 Milites
2048 2848 2117 2881 ex
2153 2831 2361 2895 legione
2397 2834 2555 2883 tertia
2595 2832 2801 2884 Gallica
2838 2836 2896 2884 in

333 2919 594 2984 legionem
630 2922 845 2969 tertiam
867 2919 1173 2984 Augustam
1197 2919 1489 2970 translatos
1522 2918 1768 2968 novimus
1801 2931 1912 2966 non
1950 2919 2128 2968 minus
2164 2918 2397 2982 quinque
2422 2914 2515 2981 (Ν.
2537 2917 2895 2970 2544-2347.

342 3003 473 3054 VIII
501 3003 679 3070 5445).
756 3002 1070 3055 Translaios
1115 3020 1223 3053 esse
1271 3005 1596 3069 temporibus
1630 3000 1946 3065 Elagabali‚
1993 3016 2112 3052 cum
2156 3001 2384 3066 legionis
2427 3003 2621 3053 tertiae
2658 3001 2899 3053 Gallicae

338 3088 543 3152 legatus
567 3089 739 3138 locum
762 3089 1171 3153 imperatorium
1196 3091 1536 3153 appetivisset
1560 3087 1691 3148 (Dio
1712 3087 1793 3149 79,
1827 3086 1906 3152 7),
1940 3088 2031 3135 cui
2065 3087 2296 3151 tempori
2318 3087 2478 3136 etiam
2513 3101 2763 3136 rasuram
2799 3088 2896 3138 ad-

334 3171 674 3222 tribuendam
708 3189 817 3223 esse
852 3188 1013 3238 quam
1046 3188 1237 3223 nomen
1274 3173 1501 3236 legionis
1527 3186 1750 3237 passum
1786 3174 1864 3221 est
1898 3173 1958 3220 in
1992 3170 2197 3221 duobus
2227 3171 2399 3220 titulis
2423 3169 2636 3236 Syriae,
2670 3174 2899 3223 eonieeit

341 3257 554 3307 Henzen
597 3256 722 3309 bun.
767 3261 892 3308 inst.
938 3258 1083 3310 areli.
1121 3256 1249 3308 {865
1289 3272 1345 3322 p.
1381 3259 1477 3320 58,
1524 3271 1677 3321 quem
1727 3259 1938 3306 secutus
1984 3259 2063 3304 est
2102 3255 2388 3306 Mommsen
2434 3255 2487 3307 C.
2524 3255 2661 3307 VIII
2697 3272 2751 3322 p.
2785 3255 2896 3308 ΧΧ.

339 3342 486 3392 Certe
519 3356 627 3391 non
661 3344 886 3393 multum
921 3348 1045 3394 ante
1080 3342 1332 3394 Severum
1366 3341 1741 3393 Alea-andrum
1778 3342 1876 3391 lias
1909 3341 2291 3391 translationes
2324 3339 2505 3401 factas
2538 3357 2647 3391 esse
2689 3341 2897 3406 colligi-

336 3430 424 3477 tm·
457 3443 527 3476 ex
560 3425 628 3477 Ν.
663 3427 820 3481 2545.

501 3578 672 3648 2315
738 3582 826 3644 dis
871 3580 1091 3643 manib.
1137 3599 1286 3643 sacr.
1327 3578 1337 3663 Ι
1378 3626 1391 3640 .
1440 3627 1454 3640 .
1501 3581 1685 3642 lulius
1744 3579 1806 3641 C.
1863 3581 1942 3640 fil.
2001 3579 2176 3640 domo
2221 3580 2545 3640 Arethusa¹
2598 3579 2894 3655 Livianu8‚

338 3680 346 3763 Ι
382 3691 495 3742 vet.
542 3702 612 3743 ex
655 3683 875 3762 aquilis.
921 3684 1035 3761 leg.
1082 3683 1163 3743 111
1207 3684 1355 3761 Aug.
1393 3682 1716 3755 Severiae²‚
1764 3681 2083 3743 translatus
2121 3678 2131 3762 Ι
2169 3699 2241 3741 ex
2283 3680 2397 3760 leg.
2445 3680 2525 3740 111
2560 3680 2784 3755 Gallie„
2829 3702 2893 3744 se

338 3784 463 3844 vivo
509 3784 570 3845 in
618 3803 864 3846 memor.
910 3786 1118 3846 mortis
1162 3780 1452 3867 aeterlnae
1513 3783 1842 3844 obventure
1903 3801 2038 3844 cum
2096 3782 2218 3844 suis
2275 3782 2415 3843 fecit
2468 3782 2891 3863 dedicavitque.

506 3883 785 3935 Lambaesi
828 3883 990 3950 (VIII
1025 3886 1156 3936 2904
1202 3884 1336 3934 vidit
1385 3883 1729 3950 Wilmanns).
1783 3912 1849 3920 —-
1906 3884 1955 3945 1)
2001 3882 2229 3932 Videtur
2274 3881 2582 3946 significari
2626 3885 2892 3935 Arethusa

339 3968 532 4036 Syriae
568 3969 787 4029 (Strabo
810 3970 888 4030 46,
923 3972 977 4033 2,
1011 3970 1072 4020 40
1100 3985 1156 4035 p.
1179 3969 1342 4035 753),·
1376 3967 1449 4029 cfi
1483 3967 1639 4029 infra
1664 3967 1734 4021 Ν.
1756 3968 1893 4021 2346
1925 3971 2037 4020 not.
2073 3966 2118 4019 4.
2142 3994 2213 4006 -
2248 3969 2300 4031 2)
2324 3967 2627 4033 Cognomen
2664 3969 2890 4031 legionis

339 4057 559 4104 aetatem
594 4053 902 4104 Alexandri
935 4054 1156 4105 indicat.

500 4204 673 4276 2316
738 4208 794 4269 d.
833 4227 907 4269 m.
938 4230 985 4270 s.
1026 4206 1037 4288 Ι
1077 4207 1240 4268 Vibia
1276 4206 1522 4268 Maxima
1560 4205 1571 4287 Ι
1611 4207 1752 4268 vixit
1793 4225 1889 4267 an.
1933 4204 2138 4278 ΧΧΧΙ,
2185 4206 2248 4267 C.
2288 4203 2297 4287 Ι
2337 4204 2444 4265 lul.
2477 4204 2689 4266 Valens
2719 4213 2828 4265 vet.
2877 4202 2887 4286 Ι

340 4310 514 4372 natio.
564 4311 717 4384 Sur.,
757 4308 766 4393 Ι
808 4311 977 4389 prob.
1038 4311 1098 4371 in
1144 4309 1225 4370 111
1270 4309 1415 4370 Gal.¹
1455 4308 1465 4390 Ι
1505 4309 1718 4370 missus
1762 4308 1835 4368 de
1878 4308 1989 4386 leg.
2037 4307 2117 4367 111
2155 4305 2166 4387 Ι
2206 4308 2376 4386 Aug„
2422 4305 2584 4366 oon.²
2625 4304 2894 4386 metlenti

339 4431 466 4473 cum
507 4411 517 4490 Ι
556 4411 745 4472 Basila
791 4420 851 4472 et
894 4407 1221 4493 Valentinlo
1268 4412 1344 4473 fil.
1392 4406 1768 4492 comulnibus
1811 4410 1968 4471 fecit.

504 4527 568 4578 In
602 4526 864 4578 Numidia
898 4543 1005 4579 non
1048 4528 1204 4592 longe
1253 4544 1288 4578 a
1323 4527 1604 4578 Lambaesi
1653 4526 1824 4587 (Vnt
1844 4525 1975 4577 4340
2019 4524 2180 4574 semel
2223 4525 2309 4575 vel
2352 4525 2433 4574 bis
2481 4522 2788 4588 descripta).
2826 4551 2894 4560 —

345 4614 390 4675 1)
423 4610 659 4662 Natione
695 4612 885 4676 Surus,
916 4614 1178 4677 probatus
1214 4615 1272 4661 in
1309 4614 1468 4662 tertia
1497 4608 1722 4662 Gallica.
1781 4610 1950 4676 Legio
1987 4603 2145 4660 tertia
2173 4608 2397 4670 Gallica,
2430 4610 2489 4658 in
2514 4607 2679 4676 Syria
2714 4612 2891 4659 castra

341 4698 547 4756 habens,
585 4712 653 4745 ea:
687 4713 747 4746 ea
780 4699 1115 4761 potissimum
1145 4699 1432 4761 provincia
1464 4695 1705 4761 suppleta
1743 4697 1833 4745 est.
1870 4722 1935 4732 -
1973 4697 2024 4755 2)
2065 4693 2312 4757 Coniugi.

2375 4828 2484 4881 30*
