3432 5387
986 337 1157 393 Tituli
1191 339 1430 393 virorum
1466 343 1522 393 et
1555 339 1843 393 mulierum
1878 340 2086 395 ordinis
2122 341 2400 397 senatorii.
2855 343 2974 401 199

578 506 707 577 897
778 511 844 570 Α.
892 510 1172 572 Terentio
1218 512 1284 571 A.
1332 513 1372 572 f.
1419 511 1580 572 Varr.
1621 519 1631 589 Ι
1671 512 1985 574 Murenae¹
2026 511 2036 594 Ι
2078 514 2411 576 Ptolemaiei
2459 514 2781 596 Cyrenens.
2821 515 2832 595 Ι
2870 535 2976 595 pa-

410 621 620 689 trono,
681 608 795 675 ὅιὰ
854 613 1277 695 πρεσβευτῶν
1324 603 1895 695 Ἰτθαλλάμμονος
1952 615 2070 678 τοῦ
2107 606 2438 695 Ἀπελλᾶ,
2499 619 2803 698 Σίμωνος
2856 618 2977 680 τοῦ

408 716 729 795 Σίμωνος.

579 813 817 863 Lanuvii
850 832 977 879 rep„
1015 831 1157 864 nunc
1192 814 1389 866 Romae
1426 818 1483 864 in
1526 832 1705 864 museo
1744 816 2045 882 Capitolino
2083 816 2235 877 (XIV
2256 818 2429 882 2109).
2467 845 2532 854 —
2561 823 2608 883 1)
2645 819 2756 869 Aut
2790 819 2979 870 consul

409 915 461 949 a.
495 898 592 950 731
631 896 727 957 (cs.
768 898 822 949 C.
857 899 888 948 Ι
914 914 968 963 p.
994 901 1091 949 450
1126 900 1198 950 ad
1233 918 1280 951 a.
1315 902 1430 965 731,
1469 900 1548 951 VJ
1575 901 1755 964 1324),
1792 906 1890 951 aut
1920 907 2079 967 pater
2113 906 2227 952 eius
2263 902 2395 963 (Cio.
2433 902 2508 953 ad
2539 902 2671 963 sam.
2704 905 2783 969 16,
2806 904 2976 968 12,6,·

413 981 555 1034 Caes.
593 982 638 1031 b.
678 997 719 1033 e.
754 983 810 1045 3,
834 983 939 1048 19).

577 1101 708 1171 898
774 1105 848 1165 Μ.
898 1105 1137 1167 Claudio
1184 1106 1245 1167 C.
1293 1109 1331 1168 f.
1380 1106 1688 1167 Marcello¹
1731 1105 1740 1187 Ι
1779 1117 2050 1187 patrono.

472 1246 475 1251 .
578 1204 844 1269 Pompeiis
879 1208 935 1255 in
972 1204 1095 1265 soro
1134 1207 1484 1271 triangulari,
1523 1209 1663 1257 basis
1695 1211 1908 1256 statuae
1944 1205 2020 1265 (X
2035 1208 2185 1270 832).
2226 1237 2291 1246 —
2330 1212 2375 1273 1)
2405 1209 2630 1259 Ve'delur·
2664 1226 2773 1259 esse
2801 1224 2974 1274 gener

407 1289 644 1353 Augusti
678 1288 965 1349 defunctas
998 1293 1057 1341 in
1094 1292 1372 1342 aedilitate
1408 1308 1457 1346 a.
1493 1308 1545 1343 u.
1584 1308 1628 1344 c.
1662 1291 1779 1343 731.

576 1422 705 1492 899
771 1425 833 1485 Ρ.
881 1425 1023 1486 Silio
1062 1425 1070 1501 Ι
1112 1427 1174 1486 Ρ.
1222 1428 1261 1487 f.
1310 1429 1565 1505 procos.¹
1604 1423 1615 1509 Ι
1654 1436 1885 1507 patron.
1926 1424 1936 1507 Ι
1976 1427 2031 1486 «l.
2079 1428 2134 1487 d.

577 1527 829 1576 Aenonae
864 1529 922 1576 in
958 1526 1231 1578 Dalmatia
1271 1527 1533 1587 (1112973
1568 1524 1637 1587 cs.
1677 1527 1814 1593 Epi..
1854 1542 1929 1592 ep.
1965 1529 2019 1587 3,
2053 1526 2153 1578 391
2192 1527 2587 1593 descripserunt
2622 1527 2885 1594 Cyriacus
2920 1532 2972 1578 et

409 1627 542 1662 saec.
579 1610 737 1661 XVII
783 1610 1075 1662 Gliubavaz
1122 1612 1421 1675 Zurensis).
1468 1642 1536 1649 —
1587 1616 1636 1675 1)
1677 1628 1753 1679 pr.
1799 1625 1905 1663 eos,
1940 1627 2074 1677 pars
2121 1611 2361 1661 codicum
2399 1611 2827 1677 Cyriaeanorum
2874 1611 2971 1673 (es.

408 1694 515 1746 Mo.
553 1694 585 1744 L
623 1699 711 1756 e.).
757 1722 828 1732 —
878 1695 1075 1746 Consul
1117 1696 1231 1757 suit
1264 1697 1434 1748 Silius
1468 1715 1519 1748 a.
1553 1699 1677 1761 734,
1722 1697 2015 1761 proconsul
2055 1696 2265 1763 Illyrici
2300 1712 2351 1748 a.
2383 1698 2487 1748 738
2521 1696 2592 1759 cll
2628 1698 2734 1748 Dio
2768 1700 2850 1758 54,
2884 1699 2970 1763 20,

408 1784 691 1844 antequam
736 1796 797 1830 ea
841 1784 1126 1845 provincia
1174 1799 1207 1832 a
1253 1788 1443 1833 senatu
1488 1782 1561 1832 ad
1595 1781 1872 1832 Caesarem
1909 1779 2301 1842 transferretur
2336 1798 2385 1831 a.
2419 1783 2533 1834 743.
2602 1781 2858 1832 Eiusdem
2893 1784 2972 1830 est

408 1864 596 1914 titulus
630 1880 740 1929 rep.
779 1864 1105 1929 Carthagine
1140 1882 1278 1917 nova
1315 1867 1536 1919 115414.

573 1983 703 2053 900
769 1986 833 2046 L.
881 1987 1199 2067 Calpurnio
1240 1984 1251 2069 Ι
1291 1988 1355 2048 L.
1402 1990 1440 2048 f.
1488 1989 1686 2049 Pisoni
1727 1988 1737 2069 Ι
1776 1990 2008 2068 pontif„
2053 2006 2174 2049 cos.
2182 1990 2198 2020 ¹
2236 1984 2303 2069 Ι.

580 2086 791 2137 Veleiae
830 2103 970 2153 rep„
1016 2102 1161 2138 nunc
1196 2089 1423 2138 Parmae
1456 2089 1556 2149 (XI
1585 2089 1757 2151 1182).
1805 2117 1870 2126 —
1922 2091 1968 2152 1)
2007 2088 2202 2139 Consul
2236 2104 2285 2138 a.
2319 2089 2434 2141 739.
2480 2034 2588 2147 'Cfi
2615 2086 2826 2138 Henzen
2862 2089 2965 2137 act.

405 2168 568 2230 fratr.
593 2173 722 2223 Arv.
759 2172 868 2223 ind.
901 2190 952 2236 p.
990 2173 1103 2223 180.

574 2287 703 2359 901
773 2339 786 2352 .
836 2340 849 2353 .
897 2294 1146 2355 Fonteio
1192 2294 1262 2366 Q.
1310 2297 1347 2355 s.
1389 2293 1400 2374 Ι
1441 2296 1517 2373 q.¹
1558 2294 1568 2375 Ι
1608 2311 1884 2373 mancup.
1932 2292 2209 2371 stipend.²
2250 2294 2260 2372 Ι
2300 2310 2370 2353 ex
2416 2293 2629 2353 Africa.

572 2395 744 2458 Prope
768 2392 988 2444 Romam
1011 2410 1121 2459 rep.
1147 2395 1219 2445 ad
1241 2398 1486 2461 quintum
1512 2395 1813 2445 miliarium
1849 2397 1968 2444 viae
1991 2393 2232 2454 Latinae,
2266 2393 2361 2444 sed
2383 2393 2496 2444 Ioco
2533 2408 2641 2443 non
2675 2408 2773 2442 suo
2799 2390 2966 2451 (Lan-

405 2481 551 2529 eiani
574 2479 701 2530 bull.
725 2480 873 2530 arch.
899 2494 1032 2530 com.
1057 2480 1188 2530 1882
1209 2495 1264 2544 p.
1290 2479 1383 2531 160
1407 2496 1458 2531 n.
1482 2482 1625 2543 559).
1648 2508 1720 2517 -
1748 2481 1793 2544 1)
1825 2478 2060 2529 Titulum
2092 2481 2361 2543 quaestori
2375 2482 2676 2542 posuerunt
2696 2478 2966 2541 mancipes

403 2564 789 2629 stipendiorum
816 2566 1135 2629 provinciae
1169 2562 1412 2623 Africae.

571 2699 700 2768 902
766 2702 860 2762 Μ’.
908 2702 1079 2763 Cordi
1111 2702 1205 2762 Μ’.
1255 2704 1291 2761 f.
1331 2700 1341 2780 Ι
1380 2702 1545 2762 Rufi¹
1586 2701 1596 2782 Ι
1636 2720 1727 2781 pr.
1775 2720 1885 2781 pro
1930 2701 2087 2772 coS.²,
2127 2701 2136 2783 Ι
2178 2701 2303 2760 aed.
2352 2700 2539 2770 lustr„
2584 2717 2746 2759 mon.
2793 2699 2965 2760 sacr?

578 2800 794 2852 Tusculi
829 2801 989 2860 (XIV
1014 2803 1191 2865 2603).
1241 2831 1299 2839 -
1358 2803 1404 2865 1)
1441 2801 1527 2853 Μ’.
1564 2802 1791 2853 Cor-dius
1826 2801 2004 2862 Rufus
2041 2803 2088 2849 is
2125 2802 2219 2864 qui
2253 2799 2367 2860 suit
2399 2801 2649 2849 triumvir·
2682 2796 2965 2848 monetalis

402 2902 452 2938 a.
486 2888 581 2938 705
617 2887 700 2937 vel
726 2887 914 2952 paullo
944 2891 1069 2952 post
1116 2889 1335 2936 testibus
1378 2891 1609 2937 nummis
1658 2886 1755 2952 (efi
1793 2886 2080 2937 Mommsen
2127 2883 2187 2936 R.
2221 2883 2559 2934 Miinzwesen
2601 2899 2654 2948 p.
2689 2882 2802 2934 651.
2835 2883 2933 2934 657
2941 2901 2961 2944 ,-

405 2971 673 3022 Cavedoni
706 2975 766 3021 in
800 2972 1087 3036 Borghesii
1124 2987 1241 3036 opp.
1281 2975 1312 3020 Ι
1336 2987 1389 3036 p.
1425 2972 1525 3022 269
1559 2975 1670 3022 not.
1705 2973 1794 3033 3),
1831 2972 1896 3021 ab
1934 2971 2033 3021 hoc
2066 2985 2176 3020 non
2209 2969 2424 3019 videtur·
2458 2969 2702 3019 diversus
2736 2984 2860 3018 esse.
2900 2995 2958 3005 —

403 3059 453 3122 2)
480 3055 562 3117 Cf.
588 3055 655 3110 Ν.
674 3057 779 3108 883
802 3061 911 3108 not.
931 3058 981 3107 2.
1007 3084 1076 3095 —
1100 3059 1151 3120 3)
1176 3055 1409 3121 Tusculi,
1433 3057 1574 3107 unde
1598 3060 1715 3107 erat
1740 3056 2002 3107 oriundus
2020 3052 2117 3115 (cll
2141 3055 2401 3118 Borghesi
2423 3053 2455 3104 1.
2481 3069 2523 3105 e.
2542 3069 2600 3118 p.
2625 3054 2766 3115 270),
2790 3050 2965 3113 Rufus

401 3141 513 3203 fuit
544 3142 734 3192 aedilis
770 3142 1009 3193 lustralis
1046 3146 1098 3191 et
1130 3145 1366 3192 monitor
1398 3157 1678 3192 sacrorum
1715 3139 1813 3203 (ef.
1838 3140 2125 3191 Mommsen
2159 3154 2290 3190 mus.
2315 3137 2550 3190 Rhenan.
2586 3140 2710 3190 1864
2741 3154 2796 3204 p.
2819 3141 2961 3202 458).

570 3241 698 3346 908
765 3279 870 3339 Cn.
918 3279 1134 3341 Baebio
1167 3280 1273 3340 Cn.
1321 3274 1418 3364 [fi]
1458 3275 1468 3362 Ι
1508 3279 1777 3359 Tampilo
1810 3279 1980 3340 valae
2020 3277 2031 3357 Ι
2069 3278 2479 3339 Numoniano²
2516 3273 2556 3359 Ι,
2603 3296 2680 3356 q.‚
2728 3296 2817 3357 pr.
2850 3296 2959 3357 pro

401 3400 545 3453 005„
586 3378 596 3457 Ι
634 3380 819 3441 Illvir.
866 3400 917 3442 a.
963 3399 1013 3442 a.
1059 3400 1110 3443 a.
1156 3384 1196 3443 f.
1243 3383 1305 3454 1.,
1345 3381 1354 3463 Ι
1394 3382 1538 3442 viro,

568 3481 740 3546 Prope
772 3479 992 3532 Romam
1035 3497 1146 3546 rep.
1190 3486 1332 3532 inter
1376 3484 1521 3532 viam
1555 3482 1788 3547 Appiam
1825 3485 1877 3529 et
1912 3479 2191 3546 Latinam,
2238 3484 2388 3530 extat
2435 3478 2509 3529 ad
2551 3493 2693 3529 viam
2726 3480 2960 3544 Appiam

400 3565 694 3628 (V14560).
717 3594 787 3603 —
826 3568 872 3629 1)
897 3566 1006 3615 Viae
1043 3571 1119 3615 est
1150 3565 1309 3630 idem,
1344 3572 1406 3617 ut
1439 3567 1612 3617 voluit
1636 3564 1952 3628 Wilmanns,
1987 3570 2145 3630 atque
2171 3566 2221 3617 C.
2246 3563 2551 3616 Numenius
2574 3562 2766 3628 Vaala,
2804 3565 2958 3614 euius

398 3666 588 3701 nomen
623 3650 825 3715 legitur·
860 3652 916 3699 in
952 3653 1184 3700 nummis
1219 3654 1400 3702 aureis
1435 3655 1626 3701 aetate’s
1663 3650 2036 3712 Caesarianae,
2078 3666 2203 3701 nam
2240 3652 2328 3700 liic
2363 3649 2575 3699 videtur
2606 3646 2774 3714 fuisse
2809 3652 2962 3714 quat-

400 3737 628 3798 tuor-vir,
664 3751 772 3785 non
810 3738 1063 3789 triumvir·
1098 3752 1221 3786 aere
1257 3740 1484 3800 argento
1520 3751 1657 3786 auro
1691 3734 1876 3796 flando
1911 3733 2197 3797 ser-iunctm·
2235 3738 2415 3800 potest
2444 3732 2613 3794 fuisse
2647 3737 2763 3784 eius
2793 3734 2958 3796 filius.

567 3870 695 3940 904
758 3874 819 3934 C.
873 3874 1074 3935 Clodio
1121 3874 1182 3935 C.
1231 3877 1269 3934 s.
1304 3874 1544 3936 Vestali¹
1586 3871 1595 3954 Ι
1635 3892 1892 3953 procos.‚
1934 3873 1943 3956 Ι
1983 3873 2360 3935 Claudienses
2411 3892 2483 3936 ex
2528 3876 2899 3952 praefectura
2947 3872 2956 3956 Ι

398 3975 632 4037 Claudia
679 3975 906 4049 urbani,
948 3974 958 4058 Ι
996 3985 1269 4055 patrono.

566 4076 631 4125 In
677 4074 810 4126 colle
856 4075 911 4126 S.
947 4075 1192 4125 Liber-ati
1231 4091 1401 4142 prope
1446 4076 1775 4139 Braeciano,
1822 4077 1917 4124 ubi
1961 4074 2070 4135 suit
2103 4076 2310 4126 Forum
2347 4074 2548 4138 Clodii,
2597 4090 2707 4139 rep.
2744 4090 2792 4125 a.
2829 4074 2957 4125 1886

401 4159 501 4220 (XI
514 4161 650 4212 3310
666 4165 740 4219 α).
759 4188 828 4199 -
850 4162 897 4223 1)
924 4161 1174 4211 Eiusdem
1198 4163 1315 4210 sine
1340 4160 1501 4211 dubio
1523 4164 1650 4210 sunt
1669 4162 1877 4209 nummi
1899 4162 2152 4226 inseripti
2175 4160 2227 4212 C.
2249 4158 2457 4212 Clodius
2482 4160 2535 4211 C.
2560 4158 2595 4210 s.
2621 4163 2671 4208 et
2694 4175 2763 4208 εει·
2787 4159 2960 4208 altera

388 4249 551 4309 par-te
588 4243 809 4296 Vestalis
854 4246 1025 4311 (quod
1068 4247 1383 4297 vocabulum
1428 4245 1865 4309 coniungentium
1909 4261 2016 4295 esse
2061 4260 2181 4295 eum
2229 4245 2281 4296 C.
2333 4243 2506 4295 Clodii
2553 4246 2771 4295 nomine
2814 4257 2959 4293 nunc

397 4330 604 4379 demum
638 4331 968 4380 intellectum
1006 4336 1121 4394 est).
1194 4332 1303 4381 Eos
1338 4346 1578 4381 nummos
1611 4345 1721 4380 non
1745 4345 1888 4380 anno
1911 4330 2021 4392 711,
2055 4333 2117 4379 ut
2140 4328 2302 4394 vulgo
2319 4330 2635 4394 putabatur,
2670 4327 2764 4378 sed
2779 4329 2961 4393 potius

396 4417 540 4464 inter·
576 4431 746 4465 annos
779 4414 875 4466 717
910 4419 962 4464 et
993 4416 1096 4468 738
1131 4431 1284 4465 cusos
1326 4414 1503 4465 videri
1546 4417 1798 4480 eoeposuit
1831 4412 2116 4463 Mommsen
2150 4414 2409 4464 Zeitselzr.
2445 4411 2487 4474 Γ.
2522 4410 2682 4466 Num,
2718 4411 2801 4476 15,
2836 4410 2964 4462 1887

390 4514 446 4564 p.
470 4501 587 4550 204.
657 4500 801 4549 Idem
839 4502 1070 4550 coniecit
1092 4500 1357 4551 Vestalem
1381 4516 1487 4551 non
1524 4500 1850 4551 conditorem
1887 4494 2057 4557 fuisse
2078 4498 2218 4548 Fari
2248 4498 2423 4548 Clodii
2454 4500 2565 4547 sive
2585 4493 2964 4562 praefecturae

399 4584 656 4635 Claudiae
692 4582 790 4646 (ef.
826 4585 960 4637 Plin.
1000 4587 1051 4637 Ιι.
1085 4602 1141 4637 n.
1176 4588 1231 4650 3,
1264 4587 1390 4649 52),
1439 4600 1565 4636 nam
1601 4601 1662 4634 ea
1698 4589 1873 4634 aetate
1908 4600 2011 4646 qna
2051 4585 2138 4633 hie
2171 4584 2316 4633 via-it
2348 4598 2485 4633 nova
2520 4583 2819 4647 municipia
2853 4594 2964 4631 non

397 4669 809 4734 appellabantur
836 4666 1234 4734 praefecturae,
1269 4670 1363 4721 sed
1395 4687 1464 4721 σω
1495 4672 1728 4735 posteris
1764 4668 2071 4719 conditor-Is.

1755 4747 1900 4754 --—
