3432 5387
930 372 1100 428 Tituli
1134 372 1523 442 imperatorum
1559 372 1859 441 domusque
1895 369 2293 439 imperatoriae.
2786 367 2865 426 25

465 545 721 597 Veronae
759 544 839 606 (V
857 545 1045 607 3525).
1094 572 1159 580 -
1200 546 1248 605 1)
1282 544 1350 594 A.
1387 542 1559 610 74215.
1595 571 1663 580 —
1701 545 1753 601 2)
1790 543 2052 593 Erratum
2098 547 2176 592 est
2210 544 2269 592 in
2304 557 2559 604 numero,·
2604 557 2673 591 ese
2705 540 2773 592 Ν.
2807 543 2869 593 94

288 634 491 682 seimus
527 630 841 694 Augustum
880 633 1039 679 etiam
1073 630 1133 678 in
1170 630 1444 679 tribunica
1476 632 1737 693 potestate
1770 626 1904 678 XIV
1932 628 2042 677 dici
2078 627 2307 677 voluisse
2341 630 2469 693 imp.
2503 625 2622 679 XII.

466 765 554 835 91
624 767 769 847 imp.
805 766 1014 829 Caesar
1047 766 1159 828 divi
1191 768 1231 828 f.
1271 765 1282 850 Ι
1320 769 1622 847 Augustus
1661 764 1670 848 Ι
1709 767 1976 847 pontifex
2008 767 2314 840 maximus,
2352 764 2362 848 Ι
2404 767 2543 846 imp.
2575 765 2702 840 ΧΙΙ,
2748 784 2870 826 cos,

292 871 396 945 xl,
442 869 582 931 trib.
616 878 741 949 pot.
770 869 898 929 xlv
918 871 956 943 ¹,
995 865 1007 953 Ι
1046 870 1317 949 Aegupto
1365 870 1424 930 in
1457 873 1808 949 potestatem
1846 867 1856 951 Ι
1896 864 2103 948 p'opuli
2134 869 2384 930 Romani
2428 869 2662 930 redacta
2702 863 2713 952 Ι
2751 868 2872 930 Soli

296 974 529 1034 donum
574 970 752 1032 dedit.

472 1071 673 1123 Romae
708 1073 768 1121 in
804 1072 1018 1121 basibus
1053 1071 1406 1122 obeliscorum
1442 1071 1670 1121 duorum
1697 1074 1793 1136 qui
1825 1071 1983 1121 hodie
2016 1074 2210 1121 extant
2242 1071 2380 1121 alter
2415 1073 2477 1121 in
2509 1071 2691 1136 platea
2726 1070 2870 1121 dicta

295 1153 411 1209 ‘del
425 1150 649 1224 popolo’
682 1158 815 1222 (rep.
842 1158 902 1206 in
927 1158 1074 1206 circo
1097 1158 1381 1219 maximo),
1414 1154 1554 1206 alter
1579 1157 1637 1205 in
1659 1150 1872 1221 ‘piazza
1899 1156 1958 1206 di
1981 1155 2160 1207 Monte
2186 1154 2412 1207 Citerio’
2441 1158 2651 1219 (erutus
2674 1172 2723 1207 a.
2748 1156 2874 1207 4748

299 1261 329 1294 e
363 1258 555 1308 campo
579 1241 796 1303 Martio,
833 1243 928 1291 ubi
958 1239 1147 1301 suerat
1170 1257 1276 1307 pro
1296 1244 1588 1306 gnomone)
1628 1241 1861 1301 (V1701.
1886 1242 2027 1306 702).
2104 1240 2279 1292 Testis·
2306 1245 2396 1291 est·
2416 1242 2480 1292 de
2515 1243 2599 1292 bis
2632 1242 2875 1292 obeliscis

300 1330 372 1378 ab
410 1328 659 1391 Augusto
698 1325 917 1376 Romam
951 1326 1186 1376 advectis
1220 1327 1355 1377 Plin.
1392 1327 1439 1376 Ιι.
1478 1342 1529 1377 n.
1564 1328 1649 1391 36,
1670 1326 1750 1377 74.
1785 1356 1854 1363 -
1894 1328 1940 1389 1)
1974 1328 2039 1377 A.
2071 1325 2235 1394 74415.

475 1464 563 1533 92
628 1466 771 1544 imp.
806 1460 1070 1549 Caes[ar]
1118 1465 1231 1525 divi
1266 1468 1305 1525 i'.
1341 1466 1589 1543 August.
1616 1461 1625 1548 Ι
1653 1466 1864 1545 pontif.
1902 1466 2210 1540 maximus,
2246 1485 2366 1527 cos.
2398 1465 2496 1538 xl,
2525 1463 2532 1548 Ι
2558 1465 2872 1526 tribunicia

304 1577 527 1649 potest.
563 1566 785 1640 xuw,
825 1563 835 1648 Ι
877 1586 948 1629 ex
977 1568 1150 1649 stipe,
1197 1585 1372 1647 quam
1418 1567 1677 1647 populus
1721 1567 2026 1629 Romanus
2064 1565 2074 1649 Ι
2113 1568 2170 1629 k.
2216 1568 2501 1628 Ianuariis
2544 1568 2773 1648 apsenti
2820 1568 2873 1627 ei

303 1669 592 1732 contulit²
628 1665 640 1751 Ι
678 1669 830 1731 Iullo
884 1669 1184 1732 Antonio⁸
1228 1670 1506 1730 Africano
1552 1668 1735 1730 Fabio
1783 1671 1956 1743 cos.⁴‚
2005 1666 2014 1752 Ι
2063 1669 2357 1731 Mercurio
2403 1688 2656 1731 sacrum.

476 1769 704 1833 Romae,
750 1786 849 1820 ara
899 1786 1009 1836 rep.
1055 1772 1115 1820 in
1159 1769 1448 1820 ruderibus
1490 1769 1678 1820 sacelli
1719 1772 1778 1820 in
1824 1773 2000 1820 monte
2035 1769 2320 1835 Esquilino
2358 1769 2535 1830 (Galli
2566 1769 2705 1820 Bull.
2743 1784 2873 1819 com.

302 1856 439 1907 4888
465 1870 525 1920 p.
546 1855 698 1918 228).
736 1884 805 1892 —
846 1859 895 1920 1)
931 1856 997 1907 A.
1030 1854 1254 1921 7441743.
1288 1883 1358 1892 —-
1395 1856 1445 1917 2)
1483 1853 1735 1904 Kalendis
1771 1854 2049 1905 Ianuariis
2084 1855 2329 1919 Augusto
2365 1859 2600 1905 strenam
2634 1857 2694 1904 in
2721 1853 2876 1919 Capi-

306 1941 440 1993 tolio
475 1941 638 1990 etiam
676 1942 881 1991 absenti
914 1941 1200 1991 contulisse
1231 1939 1508 2005 populum,
1545 1957 1613 1989 ex
1650 1928 2001 2005 qua'summa
2036 1942 2420 2007 pretiosissima
2458 1940 2679 1991 deorum
2712 1940 2877 1989 simu·

304 2027 457 2076 lace-a
494 2027 720 2075 vicatim
754 2024 908 2075 illum
947 2025 1285 2086 dedicavisse,
1325 2027 1404 2074 ait
1427 2023 1719 2075 Suetonius
1740 2026 1882 2090 Aug.
1910 2042 1951 2077 c.
1970 2026 2052 2078 57.
2113 2024 2364 2076 Kalendis
2402 2026 2674 2076 Ianuariis
2708 2042 2758 2076 a.
2781 2024 2875 2075 744

302 2112 585 2174 Augustus
618 2109 833 2160 videtur
867 2110 1071 2175 degisse
1109 2113 1166 2159 in
1206 2110 1383 2161 Gallia
1421 2111 1551 2172 (Dio
1575 2111 1658 2174 54,
1679 2112 1792 2174 56).
1827 2139 1896 2147 ——
1919 2111 1971 2174 3)
2006 2110 2185 2161 Filius
2209 2111 2279 2163 M.
2305 2110 2535 2161 Antonii
2571 2111 2876 2171 triumviri}

305 2195 372 2245 de
403 2197 764 2260 praenomine
810 2198 922 2245 eius
966 2194 1101 2245 Iullo
1150 2193 1223 2255 cs.
1267 2194 1552 2245 Mommsen
1601 2195 1778 2245 Herm.
1827 2196 1929 2248 vol.
1965 2198 2050 2260 24,
2083 2195 2199 2247 455.
2238 2224 2309 2233 -
2354 2198 2408 2258 4)
2441 2197 2506 2248 A.
2541 2197 2652 2247 744.
2687 2224 2755 2232 —-
2789 2195 2878 2245 Ad

304 2280 512 2331 similes
546 2279 913 2331 dedicationes
942 2283 1218 2346 pertinent
1253 2280 1403 2331 tituli
1437 2280 1506 2331 N.
1528 2282 1613 2333 93.
1636 2282 1721 2345 99,
1757 2284 1986 2346 itemque
2019 2281 2239 2332 mutilus
2277 2282 2358 2334 VJ
2372 2283 2473 2332 458
2507 2282 2580 2343 (a.
2604 2280 2739 2342 746).

481 2432 569 2501 93
629 2435 772 2515 imp.
796 2433 1006 2495 Caesar
1036 2435 1151 2495 divi
1181 2437 1222 2496 f.
1248 2436 1549 2514 Augustus
1575 2433 1583 2519 Ι
1613 2436 1877 2515 pontifex
1913 2437 2216 2510 maximus,
2243 2434 2250 2517 Ι
2278 2437 2418 2516 imp.
2445 2435 2596 2511 xm,
2626 2455 2748 2496 cos.
2777 2433 2876 2503 XI,

306 2537 445 2597 trib.
494 2544 711 2616 potest.
751 2535 847 2596 XV
865 2537 902 2611 ¹,
944 2537 953 2616 Ι
993 2556 1065 2597 ex
1110 2537 1283 2616 stipe,
1331 2557 1506 2617 quam
1555 2538 1812 2618 populus
1842 2538 2146 2599 Romanus
2184 2536 2194 2620 Ι
2244 2556 2401 2599 anno
2448 2556 2603 2598 novo
2647 2537 2876 2617 apsenti

307 2638 603 2700 contulit²
640 2638 651 2719 Ι
691 2638 928 2700 Nerone
975 2638 1216 2701 Claudio
1262 2640 1453 2701 Druso
1493 2639 1503 2722 Ι
1542 2640 1610 2701 Τ.
1643 2640 1924 2712 Quinctio
1972 2640 2244 2721 Crispino
2286 2640 2460 2713 cos.⁸‚
2502 2636 2513 2721 Ι
2554 2639 2829 2700 Volcan0.

482 2739 681 2791 Romae
725 2742 866 2790 basis
908 2756 1020 2805 rep.
1068 2742 1127 2790 in
1161 2739 1316 2802 foro,
1363 2746 1441 2791 est
1483 2741 1714 2806 Neapoli
1750 2741 1857 2804 (VI
1884 2741 2023 2806 457).
2072 2769 2136 2778 -
2186 2742 2233 2804 1)
2277 2743 2342 2792 A.
2377 2740 2539 2805 74516.
2587 2769 2642 2779 -
2705 2739 2756 2802 2)
2794 2737 2875 2799 Cf.

308 2825 379 2878 N.
398 2827 468 2877 92
493 2829 604 2877 not.
627 2827 682 2876 2.
720 2853 785 2862 —
823 2827 874 2884 3)
901 2827 962 2876 A.
986 2826 1099 2876 745.
1160 2824 1410 2876 Kalendis
1434 2826 1709 2877 Ianuariis
1747 2828 1907 2877 liuius
1943 2828 2076 2875 anni
2096 2825 2401 2890 Augustum
2424 2823 2591 2875 Roma
2614 2825 2878 2874 absentem

306 2910 479 2970 fuisse
514 2910 736 2961 aliunde
767 2926 877 2961 non
913 2914 1138 2961 constat.

30 3045 458 3193 Qffissby.
483 3063 570 3133 94
642 3065 781 3145 imp.
814 3065 1048 3126 Caesari
1079 3069 1341 3145 Augusto
1377 3066 1491 3126 divi
1520 3067 1580 3139 s„
1627 3066 1896 3146 pontifici
1927 3083 2222 3139 maxumo,
2265 3064 2545 3127 tribunic.
2589 3075 2878 3147 potestate

315 3168 468 3241 ΧΨ,
516 3169 656 3247 imp.
702 3166 855 3242 ΧΙΙΙ,
895 3164 906 3249 Ι
948 3168 1023 3227 Μ.
1069 3167 1254 3229 lulius
1298 3167 1454 3247 regis
1498 3169 1695 3229 Donni
1745 3169 1783 3229 f.
1831 3168 2094 3230 Cottius²
2146 3168 2479 3246 praefectus
2522 3169 2874 3230 ceivitatium

313 3289 465 3349 quae
523 3271 893 3349 subscriptae
945 3278 1115 3330 sunt:
1184 3270 1571 3350 Segoviorum
1628 3271 2058 3348 Segusinorum
2097 3269 2108 3351 Ι
2147 3271 2493 3331 Belacorum
2539 3270 2875 3350 Caturigum

312 3372 706 3434 Medullorum
773 3371 1168 3433 Tebaviorum
1231 3373 1581 3433 Adanatium
1640 3373 2035 3433 Savincatium
2102 3372 2484 3434 Ecdiniorum
2542 3372 2877 3433 Veaminio·

310 3493 447 3535 rum
484 3473 495 3556 Ι
537 3473 988 3534 Venisamorum
1033 3473 1415 3535 lemcriorum
1464 3474 1958 3536 Vesubianiorum
2006 3474 2409 3547 Quadiatium‚
2471 3482 2530 3535 et
2587 3475 2880 3535 ceivitates

312 3594 465 3656 quae
509 3575 620 3637 sub
667 3594 737 3636 eo
783 3578 1081 3655 praesecto
1128 3576 1391 3636 fuerunt.

484 3675 654 3727 Susae
690 3674 1036 3740 (Segusione)
1072 3676 1133 3724 in
1169 3691 1303 3726 arcu
1340 3678 1435 3741 qui
1470 3680 1637 3736 extat,
1682 3675 1880 3725 litteris
1917 3676 2044 3725 olim
2079 3691 2200 3725 aere
2235 3678 2555 3726 incrustatis
2592 3675 2673 3736 (V
2697 3676 2874 3736 7234).

310 3790 380 3801 —-
421 3764 469 3824 1)
506 3762 570 3812 A.
594 3762 756 3826 745,’6.
794 3788 857 3798 —
897 3762 948 3823 2)
985 3759 1065 3809 De
1090 3761 1190 3810 hoc
1215 3760 1402 3821 Cottio,
1443 3778 1475 3811 a
1513 3777 1619 3826 quo
1652 3777 1844 3811 nomen
1881 3765 2174 3811 traxerunt
2195 3760 2358 3825 Alpes
2384 3760 2604 3823 Cottiae,
2641 3766 2693 3810 et
2719 3765 2883 3827 patre

316 3851 432 3897 eius
466 3847 664 3897 Donno
703 3844 774 3906 cs:
812 3844 1008 3896 Strabo
1043 3847 1074 3895 4
1107 3861 1161 3910 p.
1186 3847 1319 3908 204,-
1351 3845 1458 3897 Mo.
1498 3846 1546 3897 V
1573 3862 1629 3911 p.
1654 3849 1770 3897 808.
1809 3875 1865 3883 —-—
1923 3845 2052 3897 Cum
2089 3847 2188 3895 hoc
2221 3847 2382 3897 titulo
2418 3844 2773 3906 conferendus
2807 3851 2883 3895 est

317 3933 510 3982 titulus
550 3930 780 3995 Tropaei
802 3930 1026 3995 Alpium
1062 3931 1263 3980 relatus
1298 3946 1332 3979 a
1376 3931 1548 3981 Plinio
1574 3933 1625 3986 Ιι.
1645 3947 1696 3982 n.
1721 3934 1775 3992 3,
1794 3930 1892 3984 456
1929 3929 2024 3994 (cll
2055 3930 2110 3982 C.
2129 3930 2183 3981 V
2197 3930 2368 3995 7847),
2395 3933 2612 3998 positus
2633 3933 2882 3995 Augusto

316 4018 439 4068 trib.
468 4021 583 4083 pot.
619 4014 777 4066 XVII
818 4032 852 4066 a
888 4020 1079 4066 senatu
1119 4016 1428 4080 populoque
1461 4015 1721 4074 Romano,
1768 4018 1829 4066 in
1865 4032 1968 4081 quo
2014 4021 2397 4066 enumerantur
2434 4021 2621 4081 gentes
2659 4016 2884 4081 Alpinae

315 4103 382 4152 ab
409 4102 652 4166 Aug-usto
690 4101 932 4150 devictae
967 4102 1051 4161 (in
1088 4102 1279 4165 quibus
1314 4102 1493 4151 redire
1528 4117 1626 4150 sea:
1661 4117 1732 4151 ecc
1756 4102 2186 4166 quattuordecim
2223 4103 2527 4152 civitatibus
2554 4100 2727 4151 Cottio
2761 4103 2882 4150 sub-

316 4187 445 4236 ditis
481 4187 779 4236 observavit
817 4184 965 4248 Ma).

484 4340 568 4409 95
617 4342 703 4402 Ti.
731 4340 1006 4403 Claudius
1030 4340 1116 4400 Ti.
1143 4342 1184 4401 f.
1210 4341 1363 4402 Nero
1395 4340 1402 4423 Ι
1429 4341 1719 4420 pontifex,
1745 4359 1866 4401 cos.
1892 4340 2106 4401 iterum
2121 4341 2157 4415 ¹,
2186 4338 2194 4423 Ι
2222 4340 2362 4420 imp.
2387 4340 2599 4400 iterum
2613 4338 2654 4410 ²,
2680 4334 2689 4421 Ι
2711 4336 2881 4398 ludos

317 4445 538 4505 votivos
583 4462 695 4523 pro
740 4443 932 4503 reditu
972 4445 984 4522 Ι
1023 4443 1163 4522 imp.
1198 4443 1459 4504 Caesaris
1501 4443 1615 4503 divi
1661 4444 1700 4502 s.
1740 4443 1990 4522 Augusti
2030 4442 2039 4522 Ι
2078 4442 2377 4522 pontificis
2423 4441 2657 4501 maximi
2706 4436 2715 4523 Ι
2763 4439 2880 4500 lovi

322 4546 539 4625 optimo
587 4545 841 4606 maximo
886 4545 1216 4626 secit³1ex
1261 4537 2883 4622 5.ο.Ι111111]ἱὶἱὲΙΙΙ.’.Ι.Ι.Ῑ.Ι.ΙΙ.Ι.Ῑ.Ῑ.Ῑ.’]““

484 4644 685 4696 Romae
720 4647 862 4696 basis
898 4660 1199 4695 marmorea
1235 4661 1344 4711 rep.
1381 4661 1430 4696 a.
1453 4646 1579 4696 4547
1612 4647 1670 4694 in
1708 4661 1894 4710 campo
1926 4644 2127 4695 Martio
2163 4660 2273 4694 una
2309 4659 2428 4694 cum
2461 4643 2531 4699 Ν.
2547 4646 2616 4695 88
2645 4643 2754 4706 (VJ
2778 4645 2884 4696 585

326 4731 453 4781 uidit
486 4732 763 4782 Bor-mann
799 4732 912 4796 eph.
949 4731 996 4794 4,
1030 4730 1166 4794 740).
1202 4759 1263 4767 —
1309 4731 1357 4793 1)
1392 4732 1457 4781 Α.
1481 4731 1590 4785 747.
1624 4758 1689 4768 -
1728 4732 1778 4793 2)
1813 4731 1892 4779 Dc
1922 4732 2114 4794 primis
2144 4730 2623 4781 acclamationibus
2655 4732 2885 4794 impera·
