3432 5387
1404 388 1576 445 Tituli
1608 389 1890 446 militares.
2793 391 2914 448 551

541 558 711 629 2785
776 562 862 624 Fl.
898 563 1261 626 Gaudentius
1307 584 1357 625 v.
1404 565 1483 626 d.¹
1528 584 1587 645 p.
1632 575 1674 626 t.
1722 566 1759 626 1.
1808 564 1890 625 d.²
1932 574 1992 625 et
2034 564 2333 624 Honorata
2379 564 2640 624 coniunx
2680 560 2690 644 Ι
2731 563 2786 624 d.
2834 573 2918 642 pt.

363 683 425 725 n.
472 664 661 742 Sept.³

534 762 730 814 Romae
765 763 854 830 (de
876 763 1029 815 Rossi
1051 765 1178 815 bull.
1215 782 1345 819 com.
1370 767 1503 819 4875
1528 783 1586 833 p.
1610 766 1673 818 54
1713 768 1818 817 tab.
1841 768 1898 833 3,
1933 767 2058 821 bun.
2096 768 2242 817 crist.
2265 765 2396 818 4873
2426 782 2480 831 p.
2504 765 2625 832 52).
2648 794 2717 803 —
2744 767 2792 828 1)
2820 765 2923 817 Vir

362 848 596 899 devotus.
634 877 700 885 —
736 850 786 910 2)
821 850 1095 900 Protector-
1141 850 1326 901 lateris
1370 852 1545 901 divini
1589 850 1678 917 (ex
1729 850 2057 916 protectorib.
2102 850 2313 913 latei-Hs]
2362 850 2519 901 divini
2561 853 2922 916 perscriptum

363 933 563 997 legitur
607 934 667 981 in
714 932 874 983 titulo
911 933 1213 986 Dalmatico
1261 938 1391 986 anni
1422 937 1553 996 280,
1601 935 1652 987 C.
1691 935 1776 986 III
1808 936 1965 996 1805,
2014 941 2145 1000 prot.
2194 934 2349 985 divini
2386 934 2561 985 lateris
2597 935 2727 1000 Aug.
2768 950 2815 986 n.
2860 937 2922 984 in

363 1017 524 1069 titulo
558 1015 793 1079 fortasse
838 1021 1038 1082 scripto
1082 1024 1207 1069 ante
1250 1035 1451 1089 annum
1483 1021 1610 1080 269,
1664 1019 1820 1072 Orell.
1857 1020 1985 1072 4869
2033 1019 2103 1080 cf:
2140 1020 2276 1084 Eph.
2314 1036 2391 1085 ep.
2428 1022 2462 1070 5
2505 1035 2558 1084 p.
2595 1019 2710 1081 424,
2744 1020 2817 1086 4).
2854 1047 2922 1057 -

362 1101 418 1171 3)
452 1102 708 1168 Deposita
743 1106 902 1153 nonis
936 1102 1339 1167 Septembribus.

533 1271 739 1342 2785·
813 1280 1055 1347 (corona,
1092 1282 1359 1343 columba)
1409 1276 1469 1336 in
1497 1277 1612 1336 boc
1642 1277 1781 1337 locu
1810 1276 2114 1356 depositus
2136 1285 2225 1338 est
2262 1275 2271 1354 Ι
2310 1275 2583 1337 Eareter¹
2618 1288 2921 1356 protector

367 1376 744 1451 domesticus,
784 1372 795 1457 Ι
835 1375 937 1454 qui
983 1375 1123 1436 vixit
1164 1395 1359 1439 annus
1404 1378 1575 1453 XXV,
1621 1378 1942 1457 requiescit
1978 1377 1989 1461 Ι
2030 1379 2090 1440 in
2136 1396 2358 1458 pacem.

534 1476 727 1528 Romae
764 1476 924 1541 (Epo.
958 1479 1127 1540 epigr.
1162 1478 1210 1539 4,
1245 1477 1347 1530 945
1380 1478 1520 1528 vidit
1566 1480 1629 1529 de
1662 1477 1858 1541 Rossi).
1895 1508 1960 1516 —
2002 1481 2049 1543 1)
2084 1476 2290 1529 Nomen
2337 1477 2640 1539 insolitum,
2689 1474 2924 1538 fortasse

363 1579 396 1612 a
434 1561 787 1628 quadratario
825 1565 1153 1627 corruptum.

535 1713 707 1785 2786
770 1716 867 1777 hic
911 1716 1061 1777 iacet
1106 1717 1411 1779 Heraclius
1457 1718 1596 1779 civis
1634 1716 1644 1798 Ι
1684 1720 1984 1781 secundus
2031 1721 2268 1795 Retus¹‚
2314 1720 2467 1781 filius
2512 1716 2805 1801 Lupicilui
2851 1737 2923 1779 ex

363 1819 728 1900 presidibuS‚
787 1818 887 1897 qui
932 1818 1042 1879 suit
1079 1818 1088 1899 Ι
1127 1819 1500 1898 praepositus
1557 1820 1807 1881 militum
1857 1818 1868 1900 Ι
1923 1821 2320 1895 Fotcnsium²‚
2380 1830 2439 1882 et
2492 1821 2636 1881 vixit
2685 1823 2695 1896 Ι
2748 1820 2923 1881 annis

362 1921 586 1991 XXXV,
633 1921 765 2000 dep.
797 1919 903 1980 XII
948 1920 1061 1981 kal.
1101 1918 1112 2000 Ι
1152 1922 1449 2002 Augustus
1482 1929 1626 1997 (sic).
1686 1929 1776 1994 (In
1798 1930 1973 1980 medio
2000 1930 2175 1995 lapide
2191 1935 2435 1995 protome
2459 1928 2719 1993 defuncti,
2753 1944 2920 1993 supra

369 2024 774 2088 inscriptionem
809 2036 1214 2085 monogramma
1254 2021 1454 2073 Christi
1488 2038 1608 2073 cum
1644 2023 1903 2073 columbis
1936 2022 2184 2085 duabus).

532 2122 729 2173 Romae
765 2120 924 2188 (Eph.
960 2125 1130 2187 epigr.
1166 2125 1213 2184 4,
1244 2126 1346 2175 943
1381 2124 1518 2174 vidit
1552 2124 1617 2174 de
1649 2123 1846 2187 Rossi).
1871 2153 1937 2163 -—
1975 2128 2024 2189 1)
2061 2124 2309 2189 Intellege
2344 2141 2414 2175 σω
2446 2124 2635 2176 Raetia
2670 2124 2923 2176 secunda.

367 2237 432 2246 —
471 2210 524 2271 2)
559 2207 788 2260 Videtur
820 2207 1158 2258 scribendum
1196 2224 1334 2258 esse:
1366 2209 1746 2272 Fortensium;
1780 2209 1975 2259 milites
1994 2210 2283 2261 Fortenses
2312 2213 2525 2275 saepius
2556 2212 2925 2261 memorantur

366 2294 425 2343 in
459 2291 668 2343 Nomia
704 2295 934 2359 imperii.

540 2444 712 2515 2787
776 2446 864 2507 Fl.
922 2446 1161 2508 lovinus
1218 2466 1288 2508 ex
1333 2466 1392 2526 p.
1448 2444 1580 2531 pst}
1630 2448 1880 2509 militum
1940 2448 2332 2510 Histric-,orum
2384 2449 2395 2529 Ι
2456 2458 2514 2509 et
2572 2449 2656 2509 Fl.
2707 2448 2922 2510 Paulus

366 2548 621 2620 hierem,
662 2546 673 2631 Ι
715 2558 880 2628 pater
923 2557 982 2609 ct
1024 2549 1198 2621 filius,
1243 2548 1522 2610 domum'
1557 2547 1567 2631 Ι
1607 2569 1640 2610 a
1687 2550 2086 2611 fundamentis
2123 2547 2133 2629 Ι
2173 2550 2476 2611 iusserunt
2518 2550 2812 2611 fabricari.

536 2666 599 2717 In
636 2667 931 2731 Pannonia,
964 2668 1109 2716 inter
1147 2664 1281 2727 Ofen
1328 2671 1379 2717 el
1413 2665 1930 2733 Stuhlweissenburg
1977 2667 2092 2719 loco
2128 2667 2271 2718 dicto
2311 2667 2494 2730 Csutlz,
2538 2681 2684 2718 nunc
2720 2668 2925 2717 Pestini

368 2751 478 2817 (111
509 2753 647 2804 3370
681 2752 821 2802 vidit
851 2751 1181 2814 Mommsen).
1205 2781 1273 2790 —
1304 2755 1351 2815 1)
1377 2752 1467 2802 Ex
1496 2755 1822 2819 praeposito.
1847 2781 1911 2790 -
1940 2755 1991 2818 2)
2027 2753 2108 2803 De
2143 2753 2298 2804 domo
2332 2755 2550 2818 privata
2587 2755 2791 2817 accipit
2816 2751 2921 2803 Mo.

534 2919 709 2991 2788
773 2923 925 2983 bene
981 2922 1255 3002 pausanti
1309 2923 1369 2982 in
1421 2941 1593 3001 pace,
1664 2923 1752 2984 Fl.
1809 2924 2093 2985 Memorio
2139 2942 2190 2984 V.
2246 2943 2305 3004 p.
2377 2923 2478 3002 qui
2533 2922 2698 2983 milit.
2748 2924 2759 3003 Ι
2812 2924 2922 2983 int.

366 3027 634 3088 Iovianus
664 3044 855 3086 annos
885 3024 1140 3098 XXVIII,
1183 3042 1314 3105 pro.
1346 3023 1527 3084 dom.¹
1557 3043 1654 3085 an.
1687 3025 1782 3099 VI,
1828 3026 2014 3105 prae?
2043 3024 2316 3086 lanciaris
2350 3020 2723 3109 se[nioribus]
2759 3070 2774 3085 .
2808 3070 2823 3085 .
2856 3069 2874 3086 .
2909 3070 2923 3086 .

365 3129 477 3190 rib.
508 3147 604 3188 an.
638 3126 737 3200 ΙΙΙ,
783 3145 985 3188 comes
1018 3127 1147 3206 ripe
1191 3145 1286 3187 an.
1319 3124 1365 3200 1,
1412 3145 1563 3187 com.
1596 3126 1845 3188 Mauret.
1875 3127 2048 3207 Ting.
2081 3146 2178 3188 an.
2210 3125 2338 3202 1111,
2379 3123 2389 3209 Ι
2427 3128 2539 3188 vix.
2572 3145 2666 3186 an.
2700 3125 2921 3199 LXXV,

372 3229 665 3292 Praesidia
711 3222 1030 3312 coni[unae]
1080 3229 1292 3289 marito
1339 3229 1697 3291 dulcissim0.

535 3329 773 3390 Arelate,
807 3344 953 3380 nunc
989 3327 1276 3393 Massiliae,
1309 3331 1680 3395 sarcophagus
1715 3328 1842 3390 (XII
1873 3329 1975 3381 673
2007 3330 2143 3380 vidit
2168 3326 2515 3396 Hirschfeld).
2539 3357 2603 3365 —
2648 3327 2924 3379 Tractavit

367 3414 570 3466 Iullian
607 3413 731 3465 bull.
772 3410 941 3479 epigr.
976 3414 1023 3474 4,
1062 3412 1188 3464 4884
1216 3429 1274 3478 p.
1309 3414 1338 3465 4
1358 3430 1463 3479 seq.
1499 3441 1569 3452 —
1607 3415 1656 3478 1)
1690 3415 1968 3465 Protector
2002 3414 2333 3464 domesticus.
2368 3439 2438 3450 —
2472 3415 2524 3479 2)
2559 3410 2821 3474 praefuit.

534 3584 707 3654 2789
775 3592 1204 3659 (monogramma
1254 3592 1452 3644 Christi
1498 3607 1619 3643 cum
1657 3593 1851 3643 litteris
1886 3596 1926 3645 A
1962 3597 2012 3642 et
2046 3591 2115 3655 Ω)
2151 3585 2210 3646 b.
2246 3589 2346 3646 m.¹
2387 3584 2398 3664 Ι
2436 3585 2654 3646 Derdio
2698 3605 2768 3646 ex
2814 3585 2921 3646 tri-

366 3688 532 3751 buno
576 3689 843 3751 militavit
883 3707 1024 3748 ann.
1064 3687 1074 3770 Ι
1127 3687 1228 3747 XL
1274 3686 1379 3747 int.
1425 3686 1696 3749 Iovianus
1739 3707 1888 3762 sen„
1942 3688 2084 3749 vixit
2126 3705 2264 3748 ann.
2313 3687 2532 3760 LXXV,
2572 3687 2583 3767 Ι
2623 3706 2748 3766 req.
2793 3685 2921 3746 XVI

370 3790 487 3851 kal.
533 3790 677 3864 Ian„
722 3792 991 3853 memori.
1037 3790 1149 3852 sibi
1195 3799 1254 3850 et
1291 3788 1301 3870 Ι
1339 3789 1510 3849 uxori
1556 3806 1694 3850 suae
1742 3790 2101 3851 Gaudentiae
2145 3789 2301 3849 fecit.

545 3890 836 3942 Mediolani
879 3895 937 3942 in
984 3891 1205 3943 ecclesia
1250 3888 1304 3941 S.
1350 3891 1625 3940 Ambrosii
1670 3888 1756 3955 (V
1789 3891 1924 3942 6213
1971 3890 2107 3940 vidit
2151 3886 2482 3957 Mommsen).
2526 3918 2594 3927 --
2645 3890 2692 3954 1)
2739 3889 2924 3940 Bonae

361 3991 666 4028 memoriae.
1565 3999 1568 4000 ⁷

537 4128 710 4199 2790
771 4130 829 4190 b.
875 4131 976 4191 m.¹
1022 4132 1083 4191 in
1128 4149 1308 4211 pace,
1367 4129 1487 4190 Fla.
1533 4130 1723 4210 Higgo
1781 4130 2073 4192 scutarius
2127 4129 2287 4190 scola
2341 4128 2569 4203 tertia²‚
2627 4129 2729 4208 qui
2783 4130 2925 4190 vixit

372 4250 566 4307 annus
622 4251 680 4310 p.
725 4249 804 4292 m.
849 4230 1030 4305 XXV,
1088 4242 1149 4292 et
1202 4232 1465 4293 militavit
1513 4251 1708 4294 annus
1760 4232 1867 4306 VI,
1925 4240 2210 4292 coenatus
2268 4230 2640 4292 dulcissimus
2695 4231 2922 4292 sororio

367 4334 769 4395 amantissimo
814 4352 865 4393 c.
913 4353 970 4394 u.
1015 4351 1094 4394 m.
1139 4334 1224 4414 μ’

540 4434 767 4484 Brixiae
803 4431 883 4498 (V
910 4434 1041 4486 4369
1073 4433 1235 4484 semel
1265 4434 1530 4500 descripta
1563 4449 1696 4486 saec.
1734 4431 1875 4500 XV).
1896 4461 1966 4471 -·
1994 4433 2042 4494 1)
2075 4430 2260 4482 Bonae
2292 4433 2595 4483 memoriae.
2618 4458 2687 4469 —
2712 4432 2763 4493 2)
2787 4422 2923 4481 ‘Sub

369 4518 722 4584 dispositione
755 4520 864 4567 viri
898 4518 1125 4569 illustris
1159 4521 1412 4583 magistri
1446 4510 1783 4579 officiorum'
1819 4520 1879 4568 in
1906 4517 2123 4567 Oriente
2153 4516 2363 4566 scholas
2387 4520 2749 4567 scutariorum
2774 4517 2925 4582 duas,

370 4607 431 4655 in
472 4602 751 4655 Occidente
785 4606 892 4652 tres
925 4608 1162 4654 recenset
1194 4602 1406 4654 Notitia
1443 4604 1784 4667 dignitatum.
1822 4630 1887 4638 -—
1924 4602 1977 4667 3)
2014 4600 2144 4652 Cum
2179 4619 2356 4653 umore
2402 4604 2711 4652 memoriam
2741 4604 2926 4667 posuit

371 4687 520 4757 (Μα,
557 4688 850 4753 dubitans).
