3432 5387
903 396 1257 451 Monumenta
1293 394 1559 451 historice.
1591 395 1802 449 liberae
1837 394 1921 450 rei
1957 394 2231 464 publicae.
2782 391 2860 451 13

271 574 631 653 capiundeis
679 571 691 654 Ι
738 581 898 644 esto,
956 570 1098 631 dum
1142 570 1239 630 nei
1285 569 1422 647 quid
1471 569 1698 649 portori
1744 569 1816 629 ab
1863 569 1968 630 ieis
2013 571 2318 649 capiatur,
2377 571 2514 647 quei
2559 569 2795 648 publica
2845 568 2854 648 Ι

271 674 478 756 populi
528 674 789 735 Romani
847 670 1149 750 vectigalia
1207 672 1510 750 redempta
1570 670 1891 732 habebunt.
1981 670 2145 741 Quos
2194 669 2204 752 Ι
2256 689 2363 751 per
2421 690 2625 732 eorum
2684 673 2856 733 fineis
2897 680 2955 729 35

270 775 584 857 publicani
643 795 714 837 ex
776 794 846 837 eo
892 774 1156 854 vectigali
1214 773 1708 854 transportabant
1760 772 1772 855 Ι
1813 818 2364 833 ............
2410 782 2858 841 (continuabatur

271 879 329 926 in
363 875 557 926 tabula
601 875 923 941 deperdita).

450 959 669 1011 Tabula
708 977 872 1011 aenea
902 960 1102 1011 Romae
1124 975 1235 1026 rep.
1263 975 1399 1009 saec.
1425 958 1566 1023 XVI,
1601 974 1749 1009 nunc
1772 957 2003 1023 Neapoli
2038 959 2096 1019 (Ι
2113 959 2243 1020 204,·
2278 956 2484 1008 Bitschl
2506 960 2612 1009 tab.
2638 956 2856 1023 XXXI).

278 1046 537 1112 Superest
585 1061 658 1096 ea.-
708 1045 821 1111 lege
861 1046 975 1095 lata
1011 1060 1043 1094 a
1083 1044 1135 1096 0.
1171 1046 1407 1095 Antonio
1446 1047 1568 1109 (qui
1602 1043 1790 1094 consul
1822 1041 1936 1102 l'uit
1972 1060 2020 1095 a.
2055 1042 2174 1107 691)
2213 1045 2430 1094 tribuno
2464 1043 2632 1109 plebis
2667 1049 2719 1094 et
2753 1043 2858 1094 col·

275 1131 408 1196 tegis
430 1134 554 1181 eius
580 1132 647 1182 de
674 1131 921 1181 libertate
947 1129 1318 1192 confirmanda
1345 1131 1555 1179 civitati
1579 1129 1833 1193 Pisidiae,
1871 1132 1960 1178 cui
1989 1144 2180 1179 nomen
2202 1127 2315 1189 fuit
2345 1127 2645 1178 Termes-sus
2665 1130 2858 1193 maior,

279 1232 418 1267 anno
453 1220 521 1267 ut
560 1217 783 1266 videtur
804 1217 924 1276 685,
963 1219 1105 1265 certe
1139 1230 1248 1265 non
1283 1216 1508 1265 multum
1531 1218 1651 1281 post
1672 1216 1773 1266 682
1800 1212 1899 1276 (cf.
1926 1218 2036 1265 not.
2060 1216 2137 1277 5).
2170 1242 2236 1250 —
2266 1214 2312 1278 1)
2338 1211 2539 1264 Notata
2564 1215 2668 1264 hac
2688 1216 2856 1277 signi-

275 1301 475 1364 ficatur
512 1300 761 1351 tabulam
797 1316 904 1350 esse
935 1302 1175 1365 primam
1205 1316 1276 1350 ea:
1311 1298 1674 1364 compluribus
1712 1300 1847 1365 legis
1885 1300 1948 1351 de
1986 1298 2291 1349 Termessiis
2316 1299 2513 1349 Pisidis
2546 1300 2859 1350 maioribus.

276 1415 338 1425 —
374 1388 427 1451 2)
465 1385 716 1437 Nomina
762 1384 1090 1449 collegarum
1130 1383 1182 1436 0.
1221 1385 1473 1449 Antonii,
1516 1389 1722 1452 scripta
1772 1385 1901 1436 olim
1951 1389 2007 1435 in
2057 1385 2183 1435 aliis
2230 1383 2430 1434 tabulis
2464 1385 2621 1434 iuxta
2651 1386 2859 1448 positis,

278 1488 413 1537 quae
443 1474 741 1537 perierunt
777 1469 873 1532 (cf.
909 1470 1115 1522 Bitschl
1148 1484 1325 1534 opusc.
1363 1471 1392 1520 4
1426 1486 1480 1535 p.
1514 1471 1668 1534 442),
1702 1470 1952 1535 suppleta
1989 1473 2116 1519 sunt
2155 1485 2249 1533 ope
2286 1469 2481 1534 lapidis
2518 1483 2669 1534 quem
2705 1467 2857 1528 infra

279 1557 525 1607 dabimus
560 1560 628 1607 in
666 1559 841 1622 capite
877 1557 942 1607 de
978 1556 1225 1621 operibus
1255 1554 1507 1619 publicis.
1544 1583 1611 1591 —
1648 1556 1699 1619 3)
1739 1554 1944 1605 Sullam
1981 1555 2304 1614 instituisse,
2353 1557 2413 1604 ut
2451 1554 2659 1603 tribuni
2686 1553 2859 1619 plebis

281 1643 344 1692 de
375 1646 606 1693 senatus
642 1645 852 1692 tantum
884 1642 1146 1691 sententia
1178 1640 1381 1705 plebem
1419 1644 1700 1704 rogarent,
1738 1638 1908 1689 tradit
1941 1640 2223 1704 Appianas
2262 1635 2357 1704 (cs.
2397 1637 2500 1689 Mo.
2540 1637 2742 1692 Staatr.
2778 1638 2864 1688 III

274 1743 331 1793 p.
366 1725 508 1785 458).
549 1755 620 1764 —-
660 1727 713 1787 4)
751 1726 991 1777 maiorem
1019 1741 1123 1775 aes.
1151 1752 1216 1761 —
1243 1727 1292 1787 5)
1319 1726 1380 1775 A.
1404 1725 1526 1775 682.
1554 1752 1615 1761 ——
1645 1725 1695 1784 6)
1722 1721 1927 1776 Therm.
1953 1723 2070 1774 mai.
2099 1721 2231 1774 Peis.
2269 1720 2527 1773 voeabula
2565 1722 2856 1772 abundant.

284 1839 346 1849 —
382 1815 433 1875 7)
454 1813 523 1866 A.
548 1812 672 1863 663.
698 1838 763 1846 —
789 1812 837 1874 8)
876 1809 1023 1873 Quae
1057 1811 1338 1860 inclinatis
1373 1809 1513 1873 dedi,
1548 1809 1705 1859 hodie
1741 1810 1801 1858 in
1838 1824 1961 1858 aere
2001 1808 2311 1858 oblitterata
2346 1811 2489 1870 sunt,
2522 1807 2616 1857 sed
2644 1812 2856 1857 servata

279 1911 375 1960 per
407 1896 793 1962 apographum
816 1891 1024 1955 factum
1047 1909 1190 1948 saec.
1216 1894 1357 1946 XVI.
1388 1922 1449 1930 —
1478 1895 1528 1958 9)
1558 1892 1741 1958 Coepit
1774 1909 1917 1943 anno
1942 1894 2052 1945 666.
2078 1921 2143 1930 -—
2172 1895 2253 1955 10)
2280 1891 2390 1945 loca
2419 1908 2524 1955 aes,
2561 1892 2861 1943 emendavit

284 1995 449 2046 nuper
484 1979 800 2031 Mommsen.
840 2008 902 2017 —
944 1982 1028 2044 ll)
1065 1979 1157 2031 eds
1194 1995 1297 2030 aes.
1335 2006 1400 2015 —
1442 1979 1525 2041 12)
1565 1978 1677 2029 loce
1721 1992 1810 2027 aes
1847 1974 1943 2039 (cll
1980 1981 2089 2030 not.
2127 1977 2233 2041 40).

448 2149 537 2220 39
610 2152 676 2212 L.
710 2150 942 2213 Cassius
985 2151 1239 2230 Longin.
1279 2147 1290 2234 Ι
1329 2169 1566 2231 procos
1608 2149 1618 2233 Ι
1657 2150 1881 2230 Tempe
1928 2149 2195 2211 munivit.

454 2253 519 2302 In
543 2252 690 2303 valle
720 2250 923 2318 Tempe,
958 2254 1054 2303 ubi
1078 2252 1388 2303 ascenditur
1412 2255 1469 2302 in
1494 2254 1726 2302 montem
1755 2250 1956 2313 Ossam,
1993 2250 2147 2300 vivae
2170 2253 2298 2315 rupi
2333 2250 2560 2300 incisum
2587 2251 2859 2314 (111588).

292 2336 380 2387 Est
414 2338 595 2403 legati
632 2336 879 2388 Caesaris
913 2335 974 2389 L.
1016 2336 1184 2388 Cassii
1216 2335 1482 2401 Longini,
1533 2350 1686 2401 quem
1728 2339 1854 2385 ante
1887 2349 2130 2399 pugnam
2168 2334 2534 2385 Pharsalicam
2573 2334 2767 2387 Caesar
2803 2338 2861 2385 in

298 2420 623 2473 Thessaliam
656 2424 819 2481 misit,
860 2421 1004 2474 Caes.
1031 2423 1076 2475 b.
1103 2436 1145 2473 c.
1169 2422 1225 2485 5,
1245 2423 1330 2473 54.
1352 2423 1439 2482 55,
1481 2421 1589 2470 Dio
1624 2420 1703 2481 41,
1730 2421 1757 2471 4
1798 2420 1972 2479 (Ma).

456 2557 549 2626 40
624 2554 740 2643 ΙΡ.]
792 2559 1107 2620 Serveilius
1154 2560 1218 2620 P.
1269 2554 1366 2642 [fi]
1410 2558 1420 2638 Ι
1462 2557 1755 2620 Isauricus
1801 2561 2057 2638 procos.¹
2100 2556 2108 2641 Ι
2148 2552 2473 2642 res[tit]uit.

458 2657 739 2722 Londinii‚
777 2660 994 2711 advecta
1029 2661 1144 2710 sine
1181 2660 1343 2710 dubio
1381 2674 1451 2708 ex
1484 2661 1641 2721 Asia,
1678 2660 1839 2711 semel
1873 2659 2138 2724 descripta
2174 2674 2310 2709 saec.
2346 2656 2505 2709 XVI!
2542 2658 2597 2719 (I
2624 2658 2745 2710 622.
2781 2657 2868 2708 III

294 2745 429 2808 662).
465 2773 534 2783 -
576 2747 626 2809 1)
665 2744 777 2796 Cos.
813 2762 862 2796 a.
897 2745 1022 2810 706,
1050 2744 1349 2811 proconsul
1382 2745 1543 2795 Asiae
1581 2760 1629 2795 a.
1664 2745 1778 2795 708.
1852 2744 2101 2795 Eiusdem
2134 2742 2473 2808 proconsulis
2508 2741 2644 2793 alios
2680 2741 2863 2793 titulos

298 2833 401 2879 tam
436 2829 671 2880 Latinos
706 2845 866 2896 quam
906 2830 1138 2880 Graecos
1170 2831 1404 2881 Asianos
1440 2831 1598 2880 habes
1634 2829 1715 2879 III
1748 2829 1918 2895 suppl.
1953 2829 2096 2879 7097.
2130 2830 2260 2879 7098
2294 2843 2414 2878 cum
2448 2827 2573 2879 adn.

463 2967 556 3033 41
625 2969 690 3029 L.
724 2969 979 3029 Plancus
1023 2968 1090 3028 L.
1137 2970 1177 3028 s.
1224 2987 1365 3041 cos,
1404 2965 1414 3050 Ι
1456 2968 1598 3047 imp.
1645 2968 1796 3040 iter„
1842 2968 1914 3029 de
1959 2967 2180 3028 manib.

458 3068 660 3120 Romae
695 3084 805 3134 rep.
843 3070 902 3118 in
935 3065 1062 3129 foro
1085 3070 1182 3118 sub
1211 3067 1492 3133 Capitolia,
1531 3069 1817 3134 aliquoties
1853 3068 2122 3132 descripta
2158 3081 2293 3118 saec.
2319 3066 2449 3118 XVI
2472 3065 2578 3127 (VI
2598 3064 2769 3131 4516).
2793 3093 2859 3102 —

301 3151 359 3204 L.
391 3152 675 3205 Munatius
709 3154 955 3213 Plancus,
993 3169 1096 3204 cos.
1133 3170 1182 3206 a.
1204 3153 1321 3214 742,
1353 3157 1479 3217 post
1516 3155 1846 3218 triumphum
1886 3154 1948 3203 de
1983 3151 2164 3203 Raetis
2200 3152 2249 3202 d.
2285 3153 2354 3203 29
2379 3151 2504 3202 Dec.
2534 3151 2644 3212 741,
2682 3152 2862 3201 aedem

302 3237 520 3290 Saturni
554 3235 692 3299 fecit
725 3238 790 3290 de
822 3240 1102 3302 manibiis,
1158 3242 1286 3290 teste
1320 3239 1479 3289 titulo
1525 3240 1762 3304 sepulcri
1805 3240 1942 3299 eius,
1995 3252 2147 3302 quem
2198 3234 2349 3295 inl'ra
2391 3237 2648 3287 dabimus.
2718 3235 2860 3286 Nota

303 3324 433 3374 hunc
467 3324 701 3391 lapidem
734 3327 1007 3389 repertum
1057 3339 1168 3373 esse
1213 3338 1323 3373 non
1358 3326 1437 3371 ita
1476 3321 1635 3387 longe
1670 3339 1702 3373 a
1740 3322 2025 3373 ruderibus
2062 3322 2212 3372 aedis
2248 3321 2480 3373 Saturni
2513 3325 2795 3372 restitutae
2831 3338 2863 3370 a

302 3406 504 3461 Planco.

460 3542 553 3609 42
622 3546 728 3606 Cn.
773 3544 1064 3605 Domitius
1109 3542 1186 3604 Μ.
1233 3545 1274 3605 f.
1322 3544 1597 3605 Calvinus
1634 3541 1644 3623 Ι
1683 3543 1954 3623 pontifex
1971 3590 1987 3618 ‚
2027 3542 2038 3627 Ι
2076 3563 2200 3606 cos.
2247 3544 2377 3605 iter.
2394 3591 2410 3619 ‚
2457 3545 2666 3626 imper.
2683 3592 2699 3621 ‚
2743 3543 2753 3627 Ι
2790 3550 2862 3610 de

307 3647 623 3709 manibieis.

460 3745 678 3812 Romae,
711 3747 851 3797 basis
874 3746 1130 3807 rotunda,
1153 3761 1265 3810 rep.
1291 3748 1349 3796 in
1372 3750 1553 3795 monte
1578 3744 1829 3795 Palatino
1858 3744 2136 3807 (714504,
2162 3745 2407 3795 Huebner
2429 3762 2514 3796 ex.
2533 3763 2634 3798 scr.
2654 3764 2732 3814 ep.
2752 3751 2860 3813 48).

306 3856 365 3865 ——
390 3830 644 3882 Calvinus
665 3829 778 3893 fuit
800 3846 906 3884 eos.
930 3849 982 3884 a.
1005 3847 1059 3882 u.
1086 3846 1131 3882 c.
1154 3832 1262 3895 704,
1297 3834 1493 3881 iterum
1520 3846 1567 3881 a.
1591 3829 1700 3893 744,
1738 3831 2095 3895 triumphavit
2128 3845 2197 3879 eat
2222 3829 2482 3894 Hispania
2519 3847 2567 3881 a.
2592 3831 2688 3882 748
2712 3830 2862 3894 (fast.

308 3915 546 3982 ίνίειπιρὴ.
576 3914 701 3981 Cap.
728 3921 780 3967 et
800 3917 981 3981 Barb„
1016 3916 1122 3967 Dio
1139 3917 1221 3981 43,
1238 3917 1350 3979 42).
1408 3916 1623 3965 Extant
1644 3917 1852 3964 nummi
1876 3930 2008 3981 quas
2031 3917 2143 3980 ipse
2167 3914 2296 3964 cudi
2319 3917 2478 3964 iussit
2499 3917 2560 3965 in
2585 3917 2862 3982 Hispania,

309 3997 522 4056 (Eckhel
541 4003 594 4062 5,
627 4002 788 4066 205),
834 4004 893 4053 in
930 4003 1125 4068 quibus
1161 4006 1211 4051 et
1244 4003 1544 4066 imperator
1580 3999 1786 4049 dicitur
1822 4003 1874 4048 et
1908 4003 2383 4063 repraesentantur
2416 4002 2657 4066 insignia
2683 4005 2864 4067 ponti-

308 4079 502 4140 βροτω.

311 4318 660 4398 'PITVLI
711 4321 1265 4401 OLARORVM
1298 4320 1777 4401 VIRORVM
1829 4321 2174 4399 POSITI
2226 4323 2295 4398 A
2343 4321 2862 4400 POSTERIS.

320 4438 1042 4625 [Q.]b‡1?)imQ.s.Masu-
1101 4541 1941 4630 L.Aem[il]iusL.f.Paullus¹
1998 4544 2866 4625 P.CorneliusPaullif.Scipio

532 4647 658 4709 aed.
690 4666 817 4709 cur.
894 4642 1049 4733 [mus
1164 4644 1312 4733 co[s.
1344 4643 1436 4731 Il]
1485 4666 1646 4709 cens.
1678 4666 1871 4728 augur
2047 4648 2363 4710 Africanus
2407 4666 2527 4709 cos
2562 4646 2613 4707 11
2660 4666 2821 4708 cenS.

1237 4745 1674 4833 tr[i]umpbavit
1719 4760 1812 4812 ter
2080 4767 2270 4830 augur
2314 4749 2692 4831 triumphavit
2736 4751 2788 4810 11
