3432 5387
1447 1343 1730 1411 OAPVT
1773 1344 1888 1410 1x.

1161 1521 1515 1604 TITVLI
1574 1520 2171 1604 MILITARES.

391 1837 956 1917 constitutiones
990 1838 1497 1935 imperatorum
1529 1838 1618 1913 de
1646 1838 1935 1913 civitate
1961 1847 2033 1914 et
2068 1840 2374 1914 conubio
2418 1849 2940 1917 veteranorum.

950 1962 953 1963 ⁷
1221 1970 1665 2073 (Diplomata
1713 1972 2099 2072 militaria.)

563 2161 916 2227 Imperatores
949 2159 1212 2210 militibus
1255 2162 1377 2225 post
1418 2163 1619 2210 iustum
1664 2174 1945 2209 numerum
1994 2158 2383 2224 stipendiorum
2432 2161 2651 2210 honesta
2693 2162 2948 2211 missione

390 2249 565 2297 missis
609 2245 896 2296 concedere
928 2244 1186 2305 solebant,
1221 2247 1269 2292 si
1299 2246 1621 2309 peregrinae
1656 2244 1988 2295 condicionis
2022 2248 2195 2306 erant,
2229 2246 2293 2294 ut
2326 2246 2464 2294 cives
2499 2244 2729 2295 Romani
2762 2251 2946 2308 essent,

390 2333 592 2383 civibus
628 2328 898 2394 Romanis,
933 2333 995 2378 ut
1030 2329 1315 2380 conubium
1351 2329 1606 2379 haberent
1639 2330 1800 2378 etiam
1839 2343 1958 2378 cum
1992 2330 2258 2379 uxoribus
2288 2330 2662 2394 peregrinis.*)
2732 2331 2813 2380 De
2848 2332 2949 2381 hac

386 2433 448 2466 re
483 2417 886 2467 constitutiones
914 2414 1386 2479 perscribebantur
1421 2416 1471 2462 et
1515 2415 1632 2463 aeri
1666 2415 1868 2463 incisae
1898 2415 2339 2479 proponebantur
2372 2413 2570 2465 Romae
2607 2418 2844 2480 primum
2889 2418 2948 2466 in

392 2501 671 2567 Capitolio,
703 2503 888 2566 postea
924 2497 1074 2559 (inde
1109 2514 1142 2547 a
1179 2499 1502 2562 temporibus
1535 2497 1866 2561 Domitiani,
1913 2496 1986 2558 cll
2023 2498 2096 2548 ad
2127 2498 2196 2551 N.
2232 2501 2360 2552 4998
2394 2504 2504 2554 not.
2538 2501 2605 2566 6)
2643 2503 2703 2551 in
2740 2502 2947 2552 Palatio

390 2589 447 2636 in
483 2602 638 2637 muro
673 2584 905 2651 quodam
942 2587 1071 2649 post
1116 2582 1366 2647 templum
1413 2583 1525 2632 divi
1560 2582 1799 2647 Augusti
1843 2582 1915 2633 ad
1948 2581 2245 2635 Minervam
2255 2604 2276 2648 ‚·
2320 2586 2620 2650 subscripta
2665 2589 2822 2635 erant
2854 2600 2949 2635 no-

387 2673 535 2722 mina
581 2669 811 2721 militum
859 2668 932 2720 ad
974 2683 1105 2734 quos
1154 2670 1465 2719 constitutio
1505 2669 1827 2734 pertinebat.
1901 2665 2134 2719 Tabulae
2170 2670 2269 2720 bae
2304 2685 2493 2721 aereae
2529 2668 2864 2736 Capitolinae
2899 2674 2950 2721 et

388 2756 666 2808 Palatinae
701 2756 941 2821 (praeter
973 2752 1212 2814 frustula
1249 2753 1511 2818 quaedam
1536 2757 1740 2817 exigua
1764 2753 1990 2804 notabili
2015 2770 2140 2804 casu
2152 2754 2235 2818 **)
2266 2755 2506 2822 servata)
2545 2754 2746 2805 dudum
2773 2757 2950 2821 perie-

387 2845 520 2892 runt
529 2860 550 2903 ;
583 2839 679 2890 sed
704 2843 1065 2905 pervenerunt
1099 2838 1173 2889 ad
1194 2854 1291 2889 nos
1327 2840 1645 2904 apographa
1668 2840 1978 2901 multarum,
2014 2837 2164 2901 facta
2190 2840 2249 2888 in
2272 2854 2427 2888 usum
2449 2843 2722 2905 privatum
2745 2844 2947 2891 vetera-

386 2941 598 2990 norum,
635 2939 860 2990 quorum
893 2926 1172 2989 intererat,
1210 2922 1586 2984 beneficiorum
1612 2925 1677 2973 ab
1703 2925 2027 2990 imperatore
2052 2925 2378 2975 tributorum
2415 2927 2746 2975 testationem
2781 2928 2947 2991 scrip-

388 3015 498 3061 tam
533 3011 748 3061 domum
783 3014 1089 3075 reportare,
1140 3009 1348 3059 diversa
1398 3010 1464 3059 ab
1501 3009 1613 3059 iltis
1647 3025 1710 3059 ea
1739 3011 2076 3075 potissimum
2122 3025 2181 3058 re
2216 3009 2361 3074 quod
2405 3011 2719 3075 apographo
2756 3011 2949 3060 consti-

388 3097 613 3145 tutionis
648 3098 1057 3151 unum‚tantum
1093 3110 1314 3159 nomen,
1362 3096 1477 3144 eius
1514 3093 1709 3143 militis
1758 3096 1912 3143 cuius
1948 3109 2109 3145 causa
2146 3095 2517 3159 apographum
2561 3092 2772 3154 sactum
2815 3098 2949 3157 erat,

384 3181 739 3244 subscriptum
782 3182 874 3230 est.
951 3180 1282 3244 Apograplia
1329 3195 1389 3228 ea
1423 3181 1728 3245 perscripta
1776 3183 1904 3229 sunt
1941 3183 1993 3228 et
2024 3182 2141 3245 ipsa
2177 3181 2234 3228 in
2270 3195 2420 3240 aere,
2471 3180 2689 3244 singula
2733 3193 2843 3229 non
2890 3183 2949 3229 in

385 3263 633 3328 sing-ulis,
670 3263 764 3313 sed
796 3267 855 3314 in
891 3266 1030 3314 binis
1066 3264 1276 3314 tabellis
1311 3267 1504 3328 aeneis,
1541 3280 1679 3329 quae
1703 3265 1831 3315 olim
1856 3263 2143 3329 colligatae
2177 3263 2432 3330 diptycha
2457 3264 2750 3327 effecerunt
2783 3280 2949 3315 aenea

384 3350 498 3398 sive
519 3347 817 3413 diplomata
830 3349 900 3414 †),
924 3349 1124 3399 similia
1151 3348 1415 3399 codicillis
1441 3348 1683 3415 (libellis)
1711 3351 1890 3399 aeneis
1903 3352 2235 3414 paginarum
2259 3353 2531 3413 quattuor,
2557 3365 2789 3414 quarum
2813 3350 2949 3400 duae

386 3435 688 3497 interiores,
713 3434 853 3484 duae
869 3437 1167 3484 eceteriores
1192 3432 1288 3496 (cf.
1306 3450 1364 3500 p.
1382 3434 1498 3487 3⁷94.
1518 3436 1668 3498 592).
1713 3433 1986 3501 Diptycka
2013 3436 2114 3484 hae
2137 3433 2321 3484 claudi
2341 3433 2597 3495 solebant,
2622 3451 2682 3484 eo
2707 3434 2864 3484 modo
2888 3440 2951 3483 ut

387 3518 607 3569 tabellae
639 3516 1057 3583 perforat-entur
1092 3522 1145 3568 et
1174 3534 1274 3584 per
1306 3516 1584 3578 foramina
1620 3520 1997 3570 traduceretur
2029 3520 2231 3585 triplex
2263 3517 2416 3580 filum
2462 3533 2701 3579 aeneum,
2739 3521 2792 3568 et
2824 3533 2948 3569 con·

383 3605 599 3666 signari
631 3604 829 3668 sigillis
857 3607 1053 3653 civium
1079 3602 1445 3654 Romanorum
1480 3607 1693 3669 septem,
1732 3607 1825 3669 qui
1849 3607 1928 3654 ita
1965 3605 2299 3654 testabantur
2321 3607 2648 3669 scripturam
2681 3608 2823 3654 recte
2855 3620 2948 3653 ea:-

380 3701 623 3750 pressam
641 3704 710 3737 eae
733 3689 1042 3754 archetypo,
1070 3691 1122 3738 et
1143 3703 1373 3754 quorum
1391 3690 1611 3738 nomina
1636 3689 1794 3739 hodie
1819 3705 2025 3753 quoque
2048 3691 2223 3739 incisa
2247 3691 2598 3740 inveniuntur
2621 3691 2679 3738 in
2699 3690 2948 3755 partibus

384 3773 746 3822 exterioribus
779 3772 1156 3839 diptychorum
1197 3773 1339 3839 (ipsa
1374 3773 1558 3837 sigilla
1591 3774 1819 3839 periisse
1851 3788 1961 3823 non
2005 3777 2083 3822 est
2114 3777 2338 3836 mirum,
2383 3790 2493 3825 non
2527 3789 2657 3824 raro
2702 3777 2948 3840 repertae

386 3861 514 3907 sunt
560 3857 822 3922 reliquiae
876 3858 960 3920 fili
1006 3858 1153 3908 illius
1211 3861 1365 3908 aenei
1420 3855 1786 3917 foraminibus
1829 3858 2007 3908 adhuc
2052 3860 2413 3924 inhaerentes)
2427 3879 2448 3923 ;
2494 3860 2555 3910 id
2599 3864 2779 3910 autem
2827 3860 2947 3909 ideo

385 3940 510 4003 fieri
543 3943 759 4005 solebat,
796 3943 938 4007 quod
970 3943 1069 3993 lzoc
1105 3948 1316 3995 tantum
1342 3944 1498 3994 modo
1535 3944 1909 4009 apographum
1945 3946 2344 3995 constitutionis
2378 3946 2758 3996 auctoritatem
2795 3945 2948 3994 liabe-

389 4028 509 4088 bat‚·
543 4029 858 4092 apographo
894 4027 1055 4079 aliter
1085 4028 1303 4094 prolato
1339 4031 1533 4078 civitas
1566 4029 1651 4079 vel
1686 4029 1969 4079 conubium
2002 4031 2247 4078 veterani
2278 4029 2547 4080 iudicibus
2574 4029 2804 4093 probari
2837 4043 2946 4078 non

558 4196 609 4260 ¹⁶)
642 4196 904 4247 Memorat
949 4199 1109 4248 huius
1150 4200 1368 4261 generis
1415 4200 1824 4248 constitutiones
1860 4197 2027 4250 Gaius
2070 4200 2194 4248 inst.
2243 4197 2289 4258 Ι,
2323 4198 2389 4256 57
2433 4198 2516 4246 liis
2561 4200 2759 4248 verbis:
2786 4188 2945 4246 ‘vete-

384 4284 538 4331 ranis
585 4281 901 4347 quibusdam
945 4283 1169 4333 concedi
1213 4282 1347 4332 solet
1384 4285 1787 4348 principalibus
1845 4283 2318 4334 constitutionibus
2363 4282 2647 4332 conubium
2701 4296 2819 4332 cum
2863 4283 2947 4331 his

385 4365 600 4416 Latinis
629 4369 1024 4432 peregrinisve,
1074 4383 1208 4432 quas
1235 4369 1447 4431 primas
1489 4372 1611 4433 post
1644 4370 1948 4419 missionem
1984 4383 2182 4416 uxores
2218 4365 2507 4427 duoeeri5nt
2557 4372 2609 4417 et
2653 4368 2749 4432 qui
2782 4382 2851 4416 ex
2885 4382 2945 4416 eo

383 4454 729 4502 matrimonio
765 4457 1076 4516 nascuntur,
1113 4455 1163 4501 et
1198 4454 1337 4502 cives
1372 4451 1602 4503 Romani
1636 4457 1688 4502 et
1723 4456 1782 4503 in
1814 4454 2127 4519 potestatem
2156 4453 2467 4515 parentium
2502 4443 2676 4513 liunt?

522 4535 607 4598 **)
641 4536 714 4586 Ei
747 4539 844 4602 qui
880 4539 1323 4588 constitutionum
1357 4553 1408 4587 a.
1444 4538 1551 4589 243
1588 4543 1640 4588 et
1673 4554 1722 4588 a.
1759 4539 1861 4589 248
1895 4535 2209 4602 apographa
2245 4537 2304 4584 in
2340 4550 2464 4585 aere
2499 4537 2825 4602 inciderunt,
2858 4539 2947 4587 usi

383 4625 512 4671 sunt
544 4621 743 4671 tabulis
779 4622 1088 4686 archetypis
1125 4623 1561 4672 constitutionum
1595 4625 1936 4688 superiorum
1971 4624 2303 4686 principum,
2337 4619 2565 4671 revulsis
2599 4626 2652 4671 et
2684 4623 2945 4688 dissectis,

386 4706 480 4757 sed
513 4709 590 4758 ita
626 4710 690 4757 ut
716 4708 1027 4772 primitivae
1062 4707 1365 4770 scripturae
1392 4722 1525 4772 pars
1558 4710 1873 4757 remaneret.

552 4794 608 4856 †)
634 4783 969 4856 ‘Diplomata
1006 4792 1242 4841 civitatis
1275 4781 1569 4840 Romanae'
1605 4793 1865 4840 memorat
1899 4793 2059 4840 etiam
2095 4777 2383 4841 Suetonius
2407 4789 2535 4841 Ner.
2570 4792 2656 4844 42.
