3432 5387
1385 398 1554 455 Tituli
1587 400 1867 455 militares.
2782 403 2901 461 421

517 567 688 637 2097
1195 570 1492 632 Gallicano
1539 584 1599 633 et
1643 572 1851 633 Vetere
1897 575 2042 634 cos.¹

1063 672 1165 733 v11
1209 673 1286 733 id.
1334 672 1501 747 lan.²‚
1548 673 1681 734 coh.
1727 673 1752 734 1
1798 694 1888 754 pr.
1945 673 2017 738 7³

1064 774 1235 847 Satri,
1282 774 1471 835 Genio
1522 777 1617 849 ν’,
1663 776 1826 837 missi

1063 876 1309 938 honesta
1357 876 1637 949 missione
1681 877 1821 937 V11⁵

1190 977 1411 1039 Hibero
1458 979 1605 1039 cos}⁵

1064 1080 1165 1160 Sp.
1213 1079 1531 1143 Censorius
1576 1080 1773 1143 Iustus
1816 1081 2041 1143 Viruno

1065 1226 1461 1241 .......
1520 1228 1533 1241 .
1581 1184 1834 1243 Severus
1878 1183 2115 1243 Sestino

1063 1281 1128 1341 L.
1185 1282 1455 1344 Volceius
1515 1328 2106 1345 ..........

1061 1383 1131 1455 Q.
1180 1383 1457 1447 Sextilius
1502 1385 1691 1446 Rufus
1736 1384 2002 1448 Flanona

1058 1485 1119 1546 C.
1166 1484 1431 1546 Valerius
1476 1486 1744 1551 Veranus
1788 1488 2071 1549 Tridente

1188 1587 1470 1649 Serviano
1527 1572 1616 1648 ΪΠ
1654 1590 1801 1651 cos.⁷

1057 1688 1124 1748 T.
1171 1689 1403 1751 Annius
1447 1689 1754 1770 Crispinus
1798 1691 1990 1771 Cupra
2039 1691 2205 1752 Mar.⁸

1060 1790 1127 1850 T.
1175 1793 1473 1853 Antonius
1517 1793 1754 1853 Primus
1801 1793 2103 1853 Perintho.

514 1906 709 1958 Romae
747 1904 854 1971 (VI
883 1908 985 1958 209
1014 1912 1226 1973 partem
1258 1913 1501 1975 priorem
1538 1910 1707 1962 deser.
1744 1909 1911 1971 Rosci,
1949 1911 2173 1961 alteram
2211 1910 2468 1977 Henzcn).
2500 1938 2571 1950 —
2609 1911 2656 1973 1)
2691 1910 2754 1959 A.
2791 1908 2907 1961 450.

342 2019 409 2029 —-
449 1992 501 2053 2)
546 1992 578 2042 7
612 1990 759 2052 Ian.;
802 1994 888 2041 bic
933 1993 1045 2042 dies
1081 1998 1270 2059 postea
1305 1995 1576 2045 sollemnis
1625 1992 1738 2054 fuit
1782 1997 2125 2046 missionibus
2169 1996 2403 2047 militum
2429 1996 2909 2061 praetorianorum

344 2081 396 2126 cl
427 2077 911 2126 urbanicianorum
950 2075 1139 2142 (supra
1174 2077 1242 2129 N.
1279 2079 1612 2129 2007-2009
1648 2078 1720 2140 cf.
1745 2080 1893 2141 2040,
1931 2078 2083 2140 infra
2118 2078 2185 2132 N.
2210 2081 2404 2145 2405),·
2437 2082 2712 2144 reperitur
2746 2082 2909 2128 etiam

343 2160 395 2212 ά.
428 2164 465 2211 9
492 2161 625 2226 Ian„
661 2177 709 2215 a.
734 2161 828 2212 460
865 2160 960 2226 (N.
985 2161 1161 2227 2409),
1197 2163 1246 2214 d.
1276 2165 1306 2213 4
1331 2164 1464 2226 Iam,
1498 2180 1547 2214 a.
1573 2163 1671 2216 430
1709 2163 1800 2230 (Ν.
1825 2166 2020 2232 2098);
2055 2166 2379 2229 temporibus
2412 2165 2731 2216 Flauiorum
2746 2179 2908 2228 prae·

343 2248 547 2297 toriani
581 2249 881 2296 missionem
916 2252 1235 2312 acceperunt
1259 2263 1434 2298 meme
1456 2248 1739 2299 Decembri
1773 2250 1961 2315 (supra
1991 2248 2060 2303 N.
2084 2251 2230 2302 4995.
2262 2251 2426 2316 1994).
2451 2279 2518 2286 —-
2556 2250 2607 2313 3)
2634 2248 2908 2311 Centurio,

340 2334 393 2394 4)
418 2334 711 2382 centuriae.
734 2359 802 2370 --
827 2334 879 2396 5)
914 2330 1140 2405 Septem,
1173 2332 1377 2383 scilicet
1397 2333 1599 2383 milites
1635 2350 1865 2399 quorum
1900 2338 2118 2385 nomina
2151 2339 2451 2401 sequuntur
2485 2337 2535 2383 et
2571 2336 2666 2399 qui
2692 2333 2907 2383 ticulum

341 2416 739 2467 dedicaverunt.
766 2444 831 2453 —
858 2417 908 2479 6)
935 2417 1000 2467 A.
1028 2415 1148 2480 135,
1187 2420 1237 2481 7)
1272 2434 1323 2469 a.
1348 2418 1464 2482 454,
1497 2418 1704 2468 scilicet
1739 2418 1934 2468 milites
1955 2418 2107 2479 sacti.
2159 2404 2412 2484 ¹Apparet
2434 2434 2576 2469 anno
2602 2418 2696 2470 450
2719 2420 2908 2468 missos

340 2517 449 2551 esee
477 2504 863 2566 praetorianos
895 2516 1006 2551 non
1038 2500 1212 2551 solum
1247 2505 1342 2566 qui
1376 2518 1425 2555 a.
1451 2502 1548 2555 434
1583 2502 1679 2552 scd
1711 2506 1875 2553 etiam
1911 2518 1999 2554 eoa
2032 2505 2130 2569 qui
2162 2519 2305 2553 anno
2330 2503 2434 2555 455
2466 2503 2703 2554 militare
2728 2518 2906 2568 coepe-

340 2591 487 2637 runt.
560 2585 661 2635 Hic
697 2586 890 2636 titulus
925 2598 1067 2636 unus
1102 2591 1178 2635 est
1213 2603 1281 2636 ex
1318 2590 1393 2636 eis
1428 2590 1523 2652 qui
1558 2586 1747 2637 docent
1783 2586 1907 2636 inde
1943 2603 1976 2636 a
2012 2589 2334 2651 temporibus
2360 2586 2626 2637 Hadriani
2660 2589 2906 2637 emeritos

341 2688 410 2723 ex
428 2672 735 2722 cohortibus
745 2673 1046 2738 praetoriis
1062 2675 1114 2721 et
1130 2673 1355 2724 urbanis
1374 2672 1597 2723 alternis
1615 2675 1826 2723 tantum
1843 2674 2018 2734 annis,
2040 2674 2132 2737 eis,
2151 2688 2287 2737 quae
2305 2689 2375 2722 ex
2392 2688 2550 2723 aerae
2571 2671 2910 2723 Christianae

338 2759 555 2814 ratione
591 2772 839 2808 numeros
874 2758 1068 2813 habent
1097 2773 1282 2822 pares,
1319 2761 1701 2808 caeauctoratos
1735 2774 1868 2823 ene,
1917 2756 1989 2818 cf.
2027 2773 2163 2823 quae
2199 2760 2448 2824 exposuit
2483 2757 2758 2808 Bormann
2792 2759 2906 2823 eph.

341 2859 421 2908 cp.
454 2845 487 2893 4
520 2860 571 2909 p.
606 2843 724 2896 348.
767 2871 829 2879 ·-
865 2843 916 2905 8)
954 2842 1132 2908 Cupra
1172 2842 1447 2893 Maritima
1484 2843 1741 2907 oppidum
1775 2844 1972 2894 Piceni.

508 2994 683 3065 2098
745 2998 806 3058 C.
852 2997 1107 3059 Marcius
1154 2996 1215 3057 C.
1262 2999 1301 3057 f.
1342 2997 1352 3078 Ι
1392 2999 1560 3077 Serg.
1600 2997 1905 3058 Salvianus
1942 2995 1952 3074 Ι
1993 2995 2210 3071 Norba,
2249 2994 2259 3078 Ι
2302 2996 2493 3058 Genio
2539 2999 2840 3060 centuriae
2886 3000 2894 3082 Ι

340 3101 473 3162 coh.
538 3099 589 3160 X
647 3118 738 3178 pr.
788 3115 821 3159 γ
869 3100 1015 3161 Mari
1061 3100 1223 3161 Bassi
1263 3097 1272 3179 Ι
1312 3100 1373 3160 in
1432 3119 1545 3178 qua
1593 3099 1857 3160 militavit
1913 3117 1963 3158 a.
2024 3098 2214 3173 XIIX,
2267 3097 2277 3179 Ι
2329 3107 2465 3159 voto
2523 3109 2828 3181 suscepto,
2903 3097 2914 3182 Ι

337 3203 552 3264 missus
600 3203 846 3265 honesta
878 3203 1179 3280 missilone
1213 3219 1303 3280 pr.
1338 3220 1479 3262 non.
1555 3201 1854 3262 lanuarias
1892 3203 1902 3276 Ι
1942 3200 2013 3271 Q.
2049 3200 2228 3261 Fabio
2261 3200 2569 3272 catullino,
2603 3202 2677 3263 M.
2710 3202 2907 3264 Flavio

338 3301 349 3388 Ι
393 3307 557 3384 Apro
604 3305 746 3364 coS.¹
785 3301 797 3384 Ι
836 3304 1034 3364 animo
1079 3303 1273 3364 libens
1315 3320 1472 3363 aram
1518 3322 1620 3364 sua
1670 3302 1922 3382 pecunia
1963 3304 1973 3378 Ι
2013 3303 2236 3382 posuit.

504 3402 702 3455 Romae
736 3404 845 3464 (VJ
862 3404 965 3454 208
988 3402 1124 3454 vidit
1145 3403 1388 3464 Henzen5
1420 3404 1580 3469 plane
1613 3403 1807 3452 similis
1841 3406 1919 3452 est
1954 3403 2142 3453 titulus
2179 3402 2380 3453 V1208
2404 3401 2471 3468 Ι>).
2506 3431 2574 3440 -
2617 3405 2664 3463 1)
2701 3404 2765 3453 A.
2790 3402 2906 3455 430.

507 3556 679 3626 2099
744 3557 978 3636 signum
1012 3557 1160 3618 Geni
1207 3559 1508 3622 centuriae
1558 3577 1693 3619 cum
1741 3558 1885 3619 aede
1918 3556 2313 3622 marmoribus
2356 3565 2634 3617 exornata
2682 3566 2741 3617 et
2785 3575 2903 3631 ara,

336 3678 443 3723 sua
488 3661 738 3741 pecunia
784 3660 1058 3720 fecerunt
1096 3658 1106 3739 Ι
1146 3669 1179 3717 7
1231 3661 1301 3731 Q.
1348 3660 1679 3722 Socconius
1723 3660 1795 3730 Q.
1843 3660 1881 3719 s.
1931 3658 2067 3719 Cru.
2101 3658 2334 3719 Primus
2378 3657 2618 3731 Tuder„
2664 3668 2724 3719 et
2766 3677 2903 3719 evo-

337 3761 453 3824 cati
499 3771 558 3822 et
600 3761 812 3822 milites
870 3779 1126 3840 quorum
1177 3763 1418 3823 nomina
1480 3763 1540 3823 in
1605 3780 1703 3821 ara
1747 3761 1964 3839 scripta
2010 3770 2169 3822 sunt.
2209 3757 2219 3842 Ι
2269 3760 2524 3821 Dedicat.
2584 3759 2906 3822 kal.'lunis

348 3866 360 3951 Ι
399 3863 539 3940 imp.
585 3862 660 3921 Μ.
706 3863 944 3923 Aurelio
991 3863 1310 3925 Commodo
1360 3864 1675 3924 Antonino
1722 3863 1870 3941 Aug.
1931 3862 2045 3936 ΙΙΙ,
2078 3856 2169 3923 ἰ.
2230 3861 2482 3923 Antistio
2528 3861 2717 3922 Burro
2763 3863 2906 3924 cos.¹

509 3995 681 4065 zlffl)
746 4004 831 4071 (in
866 4003 1093 4070 fastigio
1130 4006 1432 4074 aediculae)
1475 4000 1621 4061 Gen.
1672 4000 1764 4071 7²,
1795 4006 1878 4072 (in
1901 4005 2178 4072 epistylio)
2216 3999 2451 4077 signum
2477 3997 2728 4059 Genium
2760 4017 2904 4058 cen-

340 4100 564 4161 turiae³
629 4120 765 4161 cum
833 4101 1095 4162 aedicula
1161 4103 1254 4163 εἰ*
1318 4100 1721 4163 marmoribus
1787 4097 2085 4184 exlornata
2145 4110 2206 4161 et
2272 4119 2431 4162 aram
2492 4117 2596 4160 sua
2653 4099 2908 4178 pecunia

339 4204 552 4274 secer.,
607 4214 641 4262 7
687 4202 748 4264 C.
796 4204 1070 4266 Veturius
1132 4205 1193 4266 C.
1243 4207 1283 4263 f.
1331 4203 1456 4263 Pol.
1505 4203 1757 4264 Rufinus
1802 4203 1867 4263 L.
1915 4203 2026 4275 R.⁸‚
2067 4200 2077 4284 Ι
2118 4203 2253 4263 item
2303 4201 2524 4263 evocati
2579 4210 2638 4262 et
2690 4201 2905 4263 milites

341 4321 596 4382 quorum
646 4305 886 4366 nomina
935 4315 993 4368 et
1036 4306 1305 4368 medicus
1350 4306 1508 4365 coh.⁶
1554 4305 1613 4365 in
1662 4323 1762 4365 ara
1806 4315 1866 4365 et
1909 4303 2154 4364 aedicul.
2195 4301 2204 4384 Ι
2243 4303 2460 4383 scripta
2492 4311 2652 4363 sunt.
2725 4302 2900 4363 Dedi-

340 4415 465 4466 cata
513 4415 602 4466 est
645 4406 757 4467 kal.
805 4407 938 4468 Mai.
1015 4409 1155 4488 imp.
1204 4407 1526 4469 Commodo
1575 4406 1656 4467 111
1701 4416 1760 4466 et
1804 4405 1996 4466 Burro
2041 4404 2184 4465 coS.¹

509 4521 706 4574 Romae
740 4525 798 4574 in
822 4539 1000 4575 museo
1031 4525 1315 4589 Vaticano,
1353 4525 1723 4576 aedicularum
1751 4535 2179 4572 marmorearum
2213 4519 2479 4586 epistylia,
2517 4518 2580 4571 N.
2606 4521 2739 4571 2099
2776 4535 2898 4570 con-

336 4611 449 4658 stat
483 4614 756 4674 repertum
780 4625 889 4659 esse
919 4626 1090 4675 prope
1114 4614 1290 4660 castra
1324 4611 1602 4676 praetoria
1642 4608 1746 4674 (VI
1767 4608 1887 4659 243.
1922 4606 2026 4658 242
2061 4607 2198 4656 vidit
2224 4606 2480 4672 Hennam).
2504 4633 2570 4641 —
2613 4608 2661 4666 1)
2697 4606 2764 4656 A.
2787 4604 2903 4658 484.

337 4720 402 4729 —
460 4696 510 4756 2)
571 4694 735 4746 Genio
785 4697 1076 4745 centuriae.
1126 4723 1191 4731 -
1251 4697 1300 4757 3)
1354 4693 1567 4745 Genium
1619 4693 1880 4744 centuriae
1925 4690 2066 4743 male
2114 4696 2402 4757 insertum,
2453 4693 2506 4755 4)
2550 4694 2677 4740 item
2726 4696 2794 4742 et.
2839 4718 2904 4728 —

340 4780 390 4840 5)
428 4777 630 4846 Lepido
667 4778 834 4844 Regio
872 4781 1033 4844 (quae
1068 4780 1260 4830 civitas
1294 4780 1464 4829 tribui
1498 4778 1700 4829 Polliae
1737 4777 2007 4843 adscripta
2043 4778 2203 4843 erat).
2244 4804 2310 4814 —
2347 4778 2399 4840 6)
2435 4779 2487 4828 et
2522 4775 2748 4829 medicus
2784 4774 2897 4828 coh.
