3432 5387
929 424 1101 481 Tituli
1134 425 1371 481 virorum
1406 429 1464 481 et
1495 426 1783 482 mulierum
1818 426 2024 484 ordinis
2060 427 2342 484 senatorii.
2786 428 2908 487 241

358 597 749 678 speditionem
796 596 1125 659 Parthicam
1170 596 1586 679 deducenldae‚
1642 597 1756 679 leg.
1817 598 1931 659 divi
1975 600 2262 661 Antonini
2308 601 2454 680 Aug.
2515 600 2629 681 leg.
2674 600 2752 661 XI
2798 600 2905 677 cl..

358 695 655 783 praeitork
700 697 870 760 aedili
910 699 1118 773 curuli,
1169 699 1239 760 ab
1285 700 1431 761 actis
1472 708 1730 773 senatus»,
1777 696 2085 779 quaelstori
2131 700 2383 774 urbano,
2425 700 2605 763 Xviro
2649 702 2908 765 stlitibus

357 802 704 864 iudicandis.
744 798 754 881 Ι
802 800 955 862 Huic
984 810 1223 862 senatus
1251 795 1539 884 auctor[e]
1573 800 1927 881 imperatore
1956 801 2078 862 M.¹¹
2103 799 2358 885 Aulrelio
2387 804 2696 866 Antonino
2722 802 2731 879 Ι
2757 804 2907 884 Aug.

359 904 708 965 Armeniaco
754 902 981 964 Medico
1021 899 1031 984 Ι
1072 902 1341 963 Parthico
1385 903 1657 978 maximo,
1713 903 1870 982 quod
1916 913 2053 983 post
2095 904 2321 983 aliquot
2361 903 2637 985 sequnda
2684 906 2908 985 proelia

357 1007 665 1067 adversum
699 1005 1025 1066 Germanos
1062 1003 1071 1087 Ι
1112 1014 1170 1065 et
1194 1003 1432 1085 Iazyges
1473 1005 1545 1065 ad
1590 1014 1955 1085 postremum
1999 1010 2109 1086 pro
2145 1024 2193 1066 r.
2224 1024 2284 1086 p.
2316 1007 2546 1069 fortiter
2581 1004 2593 1091 Ι
2633 1013 2910 1088 pugnans

360 1107 707 1182 ceciderit¹²‚
752 1115 1033 1168 armatam
1076 1113 1328 1168 statuam
1373 1100 1563 1192 [poni]
1581 1104 1624 1139 ¹³
1660 1104 1670 1189 Ι
1710 1107 1769 1167 in
1814 1107 1943 1168 soro
1975 1107 2089 1169 divi
2118 1108 2356 1169 Traiani
2386 1110 2637 1189 pecunia
2669 1110 2906 1190 publica

358 1202 650 1293 cen[auit].

358 1302 359 1305 ’
527 1306 725 1360 Romae
746 1324 857 1374 rep.
883 1312 941 1359 in
964 1306 1092 1368 foro
1116 1307 1357 1373 Traiani,
1380 1308 1661 1373 descripsit
1680 1306 1826 1358 solus
1848 1307 2122 1374 Ligarius,
2145 1315 2306 1361 notus
2325 1308 2587 1371 falsarius
2612 1310 2643 1377 (
2639 1310 2695 1360 V
2689 1311 2721 1362 1
2735 1310 2906 1378 4577).

360 1393 513 1443 Hanc
554 1394 818 1443 sinceram
863 1409 970 1443 esse
1006 1392 1267 1458 (exceptis
1305 1395 1500 1458 paucis
1547 1391 1678 1442 locis
1722 1394 2014 1461 corruptis)
2061 1394 2290 1445 ostendit
2334 1395 2522 1445 titulus
2560 1395 2628 1448 N.
2663 1395 2804 1448 4097.
2840 1423 2909 1434 -

530 1476 783 1529 Claudius
821 1477 1059 1539 Fronto,
1105 1479 1196 1528 cui
1231 1478 1399 1542 positi
1439 1481 1568 1526 sunt
1599 1474 1668 1529 N.
1706 1478 1849 1528 4097.
1885 1477 2040 1541 4098,
2085 1476 2153 1530 Ν.
2189 1479 2316 1530 4097
2361 1487 2477 1530 cum
2525 1484 2658 1530 esset
2691 1481 2902 1545 legatus

354 1563 682 1627 Daciarum,
724 1561 790 1614 Ν.
824 1562 952 1614 4098
989 1565 1113 1628 post
1153 1566 1404 1623 mortem,
1451 1561 1664 1612 videtur
1707 1578 1815 1611 esse
1856 1562 2066 1614 Fronto
2113 1568 2458 1630 memoratus,
2498 1568 2625 1616 teste
2656 1564 2903 1616 Luciano

359 1663 535 1714 quom.
572 1649 694 1699 hist.
730 1662 932 1700 consor.
971 1650 1043 1697 sit
1087 1647 1172 1711 21,
1207 1650 1265 1696 in
1301 1646 1486 1712 aliqua
1523 1648 1753 1698 historia
1788 1646 1914 1697 belli
1946 1649 2187 1698 Parthici
2221 1649 2279 1700 L.
2318 1648 2462 1700 Veri.
2502 1678 2569 1687 —
2609 1652 2656 1711 1)
2693 1648 2903 1701 Claudio

357 1733 395 1783 1.
433 1748 483 1799 q.
520 1731 791 1794 traditur,·
826 1733 1125 1795 corrigitur
1159 1747 1228 1782 ea:
1261 1730 1329 1782 Ν.
1365 1731 1506 1784 4097.
1539 1760 1611 1770 ·—
1644 1734 1695 1795 2)
1733 1732 1928 1784 Consul
1958 1731 2070 1794 suit
2102 1732 2384 1795 suffectus,
2419 1749 2563 1785 anno
2599 1738 2663 1784 ut
2695 1733 2906 1784 videtur

357 1818 452 1869 466
498 1816 585 1867 vel
617 1816 803 1882 paullo
850 1819 975 1866 ante
1022 1812 1120 1881 (cll
1155 1820 1265 1868 not.
1298 1817 1373 1883 7).
1421 1845 1489 1854 —
1534 1819 1586 1882 3)
1623 1817 1765 1868 Haec
1812 1822 2066 1882 corrupta
2110 1817 2196 1868 vel
2238 1815 2463 1878 confusa
2507 1835 2617 1869 esse
2660 1824 2901 1884 apparet,

357 1902 711 1955 Momm-renus
745 1902 974 1951 coniecit
1004 1899 1171 1960 luisse
1205 1904 1263 1952 in
1288 1901 1464 1967 lapide
1498 1900 1598 1968 leg.
1632 1903 1763 1967 Aug.
1799 1917 1873 1969 pr.
1910 1918 1983 1968 pr.
2019 1901 2393 1969 provinciarum
2429 1902 2692 1955 Daciarum
2732 1904 2898 1969 trium,

359 2002 504 2055 proV.
532 1985 714 2038 Daciae
739 1983 1031 2050 Maloeam,
1068 2000 1211 2051 pror.
1243 1983 1424 2036 Daciae
1451 1985 1835 2052 Porolissensi8‚
1869 2001 1979 2053 pro.
2005 1986 2186 2039 Daciae
2210 1986 2448 2054 Apulesis
2486 1985 2575 2052 (de
2608 1989 2692 2038 his
2726 1990 2899 2038 tribus

354 2074 669 2139 provinciae
701 2070 904 2121 Daciae
934 2072 1178 2136 partibus
1212 2069 1282 2131 cll
1319 2070 1642 2136 Marquardt
1675 2071 1909 2123 Staatsv.
1945 2071 2008 2122 1²
2032 2087 2090 2138 p.
2125 2073 2270 2140 309).
2315 2101 2385 2111 —
2430 2074 2481 2131 4)
2516 2070 2669 2123 Recte
2705 2072 2906 2123 dicitur

360 2158 568 2221 legatus
599 2156 968 2221 Augustorum
1003 2154 1231 2204 duorum
1265 2157 1324 2205 in
1362 2155 1522 2205 tituto
1552 2158 1730 2222 posito
1761 2162 1884 2223 post
1914 2162 2165 2219 mortem,
2209 2159 2260 2207 si
2302 2157 2515 2222 quidem
2554 2157 2693 2209 Vero
2728 2157 2908 2209 adhuc

354 2243 642 2308 superstite
663 2240 917 2292 Moesiam
952 2239 1335 2290 administrare
1369 2243 1555 2307 coepit,
1588 2243 1715 2291 item
1749 2245 1893 2292 recte
1929 2242 2136 2306 legatus
2170 2242 2408 2307 Augusti
2440 2245 2499 2293 in
2535 2241 2692 2292 titulo
2723 2245 2898 2308 posito

357 2330 466 2393 ipsi
498 2329 619 2377 vivo
652 2329 774 2392 post
804 2328 1027 2375 mortem
1066 2324 1209 2389 Veri,
1245 2340 1365 2375 cum
1398 2327 1692 2390 imperaret
1725 2326 1870 2376 solus
1903 2326 1973 2378 M.
1999 2326 2266 2378 Aurelius.
2298 2356 2366 2365 —
2392 2330 2441 2391 5)
2469 2326 2704 2391 laegatus
2738 2329 2902 2378 trium

358 2411 656 2462 Daciarum
680 2414 733 2459 et
754 2408 985 2460 Moesiae
1005 2411 1317 2475 superioris,
1351 2412 1409 2459 in
1446 2425 1676 2474 quarum
1690 2413 2102 2476 provinciarum
2126 2408 2436 2471 defensione
2460 2411 2668 2474 occidit,
2693 2411 2907 2461 videtur

355 2494 526 2556 fuisse
560 2511 611 2546 a.
634 2495 729 2547 469
765 2493 860 2559 (cf.
895 2499 1004 2544 not.
1028 2493 1083 2559 4)
1124 2497 1177 2543 et
1207 2511 1255 2545 a.
1281 2494 1374 2545 470
1412 2491 1509 2559 (σῘί
1545 2498 1653 2546 not.
1678 2495 1790 2562 42).
1826 2524 1891 2533 -
1930 2496 1982 2559 6)
2016 2494 2196 2547 Comes
2235 2497 2364 2549 Veri
2399 2495 2668 2562 (defuncti
2700 2512 2749 2547 a.
2784 2496 2903 2562 469)

358 2581 573 2632 videtur
593 2578 760 2640 fuisse
783 2581 942 2629 initio
968 2578 1090 2628 belli
1114 2577 1422 2630 Germanici
1447 2578 1754 2639 Sarmatici.
1775 2609 1838 2618 —-
1862 2584 1912 2644 7)
1935 2581 2094 2632 Dona
2119 2580 2379 2632 militaria
2406 2583 2609 2647 accepit
2631 2582 2902 2645 triumpho

360 2665 537 2718 Marci
570 2670 620 2716 et
658 2664 787 2717 Veri
820 2680 870 2715 a.
905 2663 1026 2724 466,
1072 2665 1182 2714 iam
1228 2665 1552 2730 consularis,
1595 2668 1658 2716 ut
1703 2670 1927 2733 apparet
1967 2682 2035 2717 ex
2068 2680 2290 2717 numero
2327 2667 2676 2732 quaternario
2712 2668 2904 2717 horum

357 2752 640 2803 donorum.
664 2779 731 2788 —
756 2752 808 2814 8)
844 2746 926 2809 Cr.
950 2748 1057 2800 Mo.
1081 2748 1310 2801 Staatsr.
1334 2748 1421 2800 11³
1440 2767 1492 2816 p.
1515 2752 1615 2802 850
1640 2756 1749 2802 not.
1771 2752 1825 2804 3.
1848 2778 1917 2789 -
1941 2753 1992 2816 9)
2025 2750 2253 2816 Legatio
2288 2753 2444 2802 eoetra
2481 2751 2719 2802 ordinem
2754 2752 2900 2815 data,

359 2837 425 2887 de
459 2839 611 2887 cuius
640 2838 858 2900 generis
894 2834 1251 2900 legationibus
1292 2834 1438 2885 dixit
1469 2834 1572 2887 Mo.
1609 2834 1836 2887 Staatsr.
1873 2835 1962 2886 11³
1989 2851 2046 2901 p.
2080 2838 2201 2888 853.
2271 2836 2345 2887 Et
2386 2837 2486 2886 hoc
2528 2852 2722 2887 munus
2756 2841 2810 2887 et
2841 2836 2903 2887 id

358 2921 503 2987 quod
535 2921 812 2987 praecedit
856 2921 1124 2970 omittitur
1166 2922 1225 2970 in
1269 2921 1618 2986 inscriptione
1657 2919 1726 2972 N.
1749 2921 1891 2972 4097.
1919 2947 1988 2958 -
2025 2924 2108 2985 10)
2143 2920 2492 2972 Anthemusia
2538 2923 2691 2986 regio
2732 2920 2900 2971 Meso-

352 3010 641 3073 potamiae.
688 3034 751 3043 —
805 3007 886 3069 11)
921 3010 1179 3056 auctorem
1218 3004 1571 3071 imperatorem
1609 3006 1864 3057 traditur.
1907 3034 1976 3044 —
2013 3007 2096 3069 12)
2136 3006 2398 3056 Occidisse
2430 3006 2759 3057 Frontonem
2791 3021 2901 3057 non

358 3096 486 3142 ante
519 3108 571 3142 a.
604 3090 698 3142 470
733 3091 1061 3155 Borghesius
1093 3090 1219 3141 inde
1264 3090 1480 3156 collegit
1514 3091 1659 3157 quod
1690 3106 1751 3141 eo
1788 3106 1931 3141 anno
1967 3089 2038 3143 M.
2076 3089 2330 3142 Claudius
2370 3090 2584 3142 Fronto
2625 3089 2902 3158 Neocydes

356 3176 505 3239 filius
548 3180 612 3226 ut
655 3176 869 3226 videtur
901 3178 1014 3225 eius
1046 3177 1191 3225 inter
1221 3174 1386 3226 salios
1420 3175 1692 3226 Palatinos
1727 3181 1970 3242 receptus
2009 3179 2087 3225 est
2122 3174 2225 3240 (VI
2256 3176 2425 3243 4978),
2461 3174 2606 3241 quod
2636 3190 2743 3225 non
2777 3174 2905 3236 fieri

353 3263 595 3327 potuerit
637 3263 749 3310 nisi
791 3266 1020 3326 utroque
1049 3264 1272 3326 parente
1303 3263 1601 3326 superstite.
1673 3260 1901 3313 Videtur
1945 3265 2121 3311 autem
2169 3261 2420 3311 occidisse
2453 3263 2568 3325 ipso
2603 3275 2746 3310 anno
2782 3260 2907 3321 170,-

358 3352 497 3397 certe
545 3361 608 3395 eo
655 3347 768 3411 ipso
817 3360 961 3396 anno
1007 3348 1301 3410 reperimus
1339 3347 1453 3395 eius
1490 3360 1843 3396 successorem
1890 3342 2097 3405 factum
2140 3347 2200 3396 in
2233 3345 2407 3396 Dacia
2456 3343 2757 3396 Cornelium
2795 3343 2903 3395 Cle-

355 3435 582 3481 mentem
620 3429 712 3496 (N.
746 3431 919 3497 4099).
954 3458 1020 3467 -
1062 3431 1139 3494 13)
1174 3435 1228 3481 et
1262 3430 1500 3480 traditur
1534 3427 1632 3496 (cll
1670 3431 1741 3484 N.
1765 3430 1933 3498 4400).

526 3523 2907 3648 mamm

354 3671 579 3732 ciarum
620 3669 629 3753 Ι
671 3715 685 3730 .
719 3714 735 3730 .
781 3667 1017 3730 Avidius
1059 3667 1272 3729 valens
1309 3666 1318 3750 Ι
1360 3713 1374 3728 .
1407 3713 1421 3727 .
1455 3713 1469 3727 .
1516 3663 1675 3754 [le]g.
1723 3668 1824 3728 Vll
1870 3669 2033 3729 Gom.
2080 3713 2294 3729 .....

530 3770 819 3822 Caesareae
855 3767 1036 3834 (hodie
1071 3766 1343 3834 Cher-chel)
1370 3767 1742 3818 Mauretaniae
1767 3767 1929 3833 (Vm
1942 3770 2078 3820 9565
2112 3766 2184 3828 cs:
2209 3768 2345 3834 Eph.
2370 3770 2541 3833 epigr.
2563 3770 2615 3830 5,
2638 3769 2735 3820 967
2766 3767 2908 3818 vidit

356 3855 640 3922 Schmidt).
691 3884 762 3893 —
817 3856 866 3918 1)
923 3853 1228 3905 Consularis
1276 3852 1575 3902 Daciarum
1635 3850 1749 3913 s'uit
1799 3868 1847 3905 a.
1895 3852 2016 3916 470,
2069 3856 2193 3918 post
2243 3851 2524 3904 Claudium
2574 3853 2907 3904 Frontonem

354 3940 466 4006 (ΙΙΙ
486 3939 541 3992 S.
564 3939 738 4007 7505).

524 4059 697 4129 1100
763 4103 1458 4122 ...............
1509 4054 1733 4143 [comiti
1773 4063 1910 4139 imp.
1954 4053 2272 4143 Antoln]ini
2311 4061 2459 4138 Aug.
2509 4067 2567 4119 et
2610 4058 2725 4119 divi
2768 4057 2905 4118 Veri

357 4163 514 4226 bello
562 4163 925 4236 Germanic..
965 4159 974 4243 Ι
1014 4162 1153 4223 item
1208 4162 1407 4223 comiti
1465 4160 1604 4241 imp.
1650 4161 1937 4222 Antonini
1989 4164 2138 4241 Aug.
2186 4160 2519 4222 Germanici
2565 4155 2904 4241 Sarmatici,

354 4266 474 4344 leg.
510 4265 624 4344 leg.
657 4265 682 4326 1
727 4265 962 4338 Miner„
1008 4265 1266 4325 curatori
1296 4263 1450 4325 civit.
1481 4260 1725 4345 Araus}
1757 4281 1924 4342 prov.
1957 4263 2175 4325 Galliae
2203 4263 2404 4336 Narb.‚
2447 4263 2723 4342 praetori,
2768 4261 2904 4322 trib.

356 4365 515 4448 pleb.
548 4368 858 4430 candidato
898 4365 908 4449 Ι
949 4367 1089 4446 imp.
1122 4365 1235 4427 divi
1268 4365 1565 4437 Hadriani,
1610 4364 1682 4426 ab
1718 4374 1831 4427 act.
1861 4373 2069 4436 senat..
2115 4365 2411 4443 quaestori
2454 4383 2617 4443 prov.
2658 4362 2668 4447 Ι
2706 4362 2907 4438 Narh.‚

353 4470 493 4530 trib.
540 4470 663 4531 mil.
709 4471 821 4549 leg.
856 4469 929 4529 vl
966 4469 1165 4541 Victr.‚
1211 4485 1345 4529 cum
1392 4486 1506 4547 qua
1553 4486 1623 4528 ex
1669 4469 1865 4528 Germ.
1913 4467 1971 4526 in
2014 4464 2024 4549 Ι
2063 4465 2310 4526 Brittan.
2356 4466 2637 4540 transiit¹‚
2688 4466 2904 4528 llllvir.

353 4572 495 4633 viar.
553 4567 917 4653 curandam!
977 4570 1128 4631 Huic
1184 4579 1423 4631 senatus
1479 4578 1718 4631 auctore
1774 4570 1850 4638 M.
1897 4567 2135 4629 Aurelio
2204 4565 2507 4628 Antonino
2558 4566 2706 4646 Aug.
2747 4566 2757 4651 Ι
2797 4570 2906 4630 Ar-

354 4657 608 4760 meniac.
641 4675 850 4737 Medic.
880 4671 1135 4735 Parthic.
1183 4671 1436 4733 maximo
1484 4673 1679 4733 Germ.
1713 4673 1959 4732 Sarmat.
2001 4666 2011 4752 Ι
2048 4678 2298 4732 statuam
2344 4668 2485 4749 poni
2521 4670 2725 4733 habitu
2755 4671 2905 4734 civili

357 4777 417 4838 in
465 4778 598 4839 foro
644 4776 757 4839 divi
803 4775 1038 4837 Traiani
1079 4770 1089 4856 Ι
1129 4773 1380 4853 pecunia
1425 4773 1659 4853 publica
1707 4772 1955 4833 censuit.

458 4882 644 4934 ssusam,
684 4881 1008 4937 'ascriptiones
1036 4881 1239 4924 Latinae.
2437 4873 2500 4924 16
