3432 5387
945 410 1116 466 Tituli
1152 409 1386 465 virorum
1424 415 1480 465 et
1511 409 1801 464 mulierum
1837 408 2046 466 ordinis
2082 408 2360 465 senatorii.
2806 408 2926 468 217

369 581 599 644 fortasse
635 581 909 632 Bormann
958 581 1022 630 de
1070 581 1409 646 expeditione
1449 580 1766 633 Germanica
1811 585 2103 632 memorata
2140 577 2290 640 infra
2324 580 2392 632 N.
2428 583 2539 632 997.
2573 610 2643 619 —
2680 584 2731 645 8)
2762 583 2932 633 Bonis

372 669 701 720 militaribus
743 666 929 717 donati
961 670 1087 716 sunt
1119 664 1325 726 fratres
1370 681 1479 715 non
1527 670 1813 730 antequam
1861 667 2089 716 ana-iliis
2136 668 2406 717 exercitus
2445 666 2748 718 Germanici
2773 684 2935 734 prae-

368 755 613 818 fuissent,
646 752 741 803 sed
758 755 963 818 postea,
998 754 1114 801 sine
1137 751 1301 801 dubio
1318 755 1545 817 propter
1570 766 1787 816 operam
1809 752 2123 816 praestitam
2149 754 2207 801 in
2230 751 2569 816 expeditione
2596 750 2932 817 Germanica,

381 838 564 890 Tullus
598 852 840 888 reversus
878 836 1083 886 demum
1120 854 1190 888 ea,-
1213 834 1426 896 Africa.
1485 835 1753 902 (Apparet
1786 836 1924 886 hanc
1950 840 2160 900 partem
2196 837 2455 886 honorum
2491 835 2729 897 fratrum
2762 841 2933 903 scrip-

375 930 486 973 tam
513 940 621 973 esse
643 938 752 973 non
777 925 987 972 inverso
1015 922 1222 985 ordine,
1255 926 1318 972 ut
1340 922 1567 987 reliqua,
1599 921 1693 971 sed
1713 921 1902 986 recto).
1958 920 2196 972 Ceterum
2221 924 2417 972 mirum
2444 927 2521 972 est
2543 922 2931 988 Vespasianum

374 1013 427 1058 et
456 1006 630 1058 Titum
666 1023 775 1057 non
811 1007 922 1057 dici
956 1008 1121 1069 divos,
1160 1007 1283 1057 licet
1319 1006 1469 1057 tituli
1499 1008 1666 1070 positi
1697 1008 1809 1056 sint
1840 1008 1937 1056 sub
1969 1006 2299 1059 Domitiano,
2323 1034 2384 1043 —
2417 1009 2466 1068 9)
2503 1008 2671 1058 aureis
2707 1012 2931 1073 uterque

373 1092 595 1154 titulus;
640 1094 1003 1157 expectaveris
1050 1106 1219 1144 aurea.
1251 1120 1321 1129 —
1361 1094 1444 1151 10)
1479 1092 1625 1141 Inter
1655 1094 1919 1156 patricios
1954 1090 2147 1141 adlecti
2181 1096 2306 1141 sunt
2342 1107 2373 1140 a
2415 1092 2742 1157 Vespasiano
2779 1109 2831 1143 a.
2863 1094 2931 1146 73

374 1178 457 1227 vel
494 1178 582 1238 74,
633 1180 683 1227 si
727 1183 867 1227 recte
917 1177 1155 1228 creditur
1202 1177 1558 1242 Vespasianus
1604 1180 1661 1226 in
1706 1191 1931 1226 censura
1980 1180 2188 1226 tantum
2232 1178 2497 1241 patricios
2543 1192 2748 1228 creasse
2797 1177 2926 1243 (Mo.

376 1263 601 1313 Staatsr.
640 1262 732 1312 11³
763 1261 885 1313 1101
920 1267 1029 1313 ποι.
1065 1263 1152 1328 4),
1202 1264 1339 1311 certe
1385 1276 1493 1311 non
1542 1266 1666 1311 ante
1701 1274 1980 1309 censuram
2009 1265 2306 1325 susceptam
2342 1274 2374 1310 a
2413 1260 2759 1327 Vespasiano.

543 1411 673 1482 992
736 1413 802 1474 Τ.
835 1413 1036 1475 Clodio
1068 1413 1143 1473 Μ.
1192 1415 1231 1473 f.
1265 1411 1405 1472 Fal.¹
1446 1410 1456 1493 Ι
1497 1412 1678 1491 Eprio
1712 1413 1985 1474 Marcello
2028 1412 2036 1494 Ι
2075 1432 2194 1475 cos.
2228 1414 2335 1487 11²,
2381 1415 2607 1494 auguri,
2650 1412 2660 1495 Ι
2699 1416 2933 1476 curioni

374 1518 644 1591 maximo,
674 1515 681 1597 Ι
714 1514 897 1577 sodali
928 1515 1253 1593 Augustali,
1280 1511 1286 1593 Ι
1317 1532 1404 1592 pr.
1438 1512 1606 1593 pe1·.⁸,
1636 1533 1868 1592 procos.
1895 1512 1903 1597 Ι
1931 1516 2099 1575 Asiae
2132 1515 2208 1576 111
2226 1516 2263 1588 ³,
2305 1518 2314 1592 1
2355 1517 2654 1596 provincia
2688 1516 2930 1596 Cypros.

546 1619 717 1681 Prope
744 1616 978 1679 Capuam
1012 1632 1142 1680 rep„
1181 1619 1258 1664 est
1279 1613 1509 1678 Neapoli
1541 1616 1602 1664 in
1642 1630 1820 1666 museo
1858 1615 1932 1682 (X
1949 1616 2132 1681 3853).
2157 1644 2223 1654 —
2249 1617 2329 1666 De
2363 1616 2532 1682 Eprio
2571 1617 2824 1669 Marcello
2861 1616 2932 1677 cl'.

382 1700 499 1753 Tac.
538 1717 663 1752 ann.
700 1700 776 1762 16,
812 1701 885 1751 22
902 1718 1007 1766 seq.
1045 1702 1164 1751 laist.
1201 1702 1250 1763 4.,
1281 1700 1313 1749 7
1348 1704 1446 1751 cet.
1483 1699 1609 1751 dial.
1642 1702 1693 1763 ὅ,
1720 1702 1778 1764 8,
1814 1705 1865 1750 et
1899 1717 1970 1751 ete
2003 1704 2390 1751 recentioribus
2422 1702 2685 1767 Borghesi
2719 1719 2840 1769 opp.
2877 1705 2932 1767 5,

371 1788 475 1838 285
492 1803 597 1851 seq.
632 1813 701 1825 —
740 1788 787 1848 1)
830 1784 1021 1836 Tribus
1057 1784 1475 1850 Campanorum,
1524 1784 1666 1834 unde
1700 1784 1983 1836 Marcellus
2026 1793 2144 1836 erat
2190 1787 2455 1837 oriundus
2497 1785 2650 1853 (Tac.
2689 1786 2817 1839 dial.
2854 1788 2930 1853 8).

373 1900 440 1909 -
485 1873 534 1934 2)
570 1873 806 1922 Primum
856 1872 1191 1921 consulatum
1230 1872 1399 1934 gessit
1442 1872 1536 1919 sub
1574 1868 1810 1932 Nerone,
1857 1871 2045 1920 consul
2087 1874 2282 1921 iterum
2330 1869 2442 1931 l'uit
2484 1872 2741 1935 suffectus
2787 1889 2836 1924 a.
2871 1874 2932 1922 74

376 1955 531 2021 (dipl.
556 1954 671 2022 IX).
693 1984 754 1993 ·-
783 1957 835 2019 3)
860 1956 1085 2006 Praetor
1111 1957 1436 2021 peregrinus
1470 1952 1584 2013 fuit
1617 1971 1668 2006 a.
1690 1957 1759 2006 48
1793 1970 1900 2005 uno
1928 1955 2030 2020 die,
2067 1953 2136 2015 cl'.
2167 1953 2289 2007 Tae.
2317 1971 2446 2007 ann.
2468 1957 2553 2021 12,
2573 1960 2619 2009 4.
2640 1985 2704 1995 -
2727 1959 2779 2021 4)
2803 1959 2932 2008 Pro-

376 2041 561 2091 consul
593 2043 756 2091 Asiae
791 2040 1004 2090 videtur
1036 2038 1205 2099 fuisse
1242 2058 1288 2090 a.
1312 2041 1524 2091 70—75‘.

540 2192 667 2263 993
739 2195 801 2257 C.
852 2195 1112 2256 Helvidio
1154 2192 1162 2277 Ι
1203 2196 1263 2257 C.
1313 2197 1350 2255 f.
1396 2200 1538 2255 Aru.
1578 2196 1588 2273 Ι
1629 2196 1872 2257 Prisca¹

539 2294 667 2364 994
735 2297 988 2357 Plautiae
1028 2295 1037 2378 Ι
1078 2296 1429 2367 Quinctiliae
1473 2300 1539 2357 Α.
1596 2299 1633 2357 f.
1684 2295 1693 2378 Ι
1751 2297 1812 2357 P.
1859 2297 2083 2358 Helvidi
2123 2295 2131 2377 Ι
2176 2297 2389 2370 Prisci,
2449 2309 2506 2358 et
2545 2298 2553 2375 Ι
2595 2299 2659 2359 Ρ.
2707 2298 2930 2360 Helvidi

376 2400 599 2460 Prisci.²

548 2499 611 2549 ln
647 2515 782 2564 agro
808 2497 1042 2549 Romano
1080 2499 1153 2548 ad
1186 2500 1327 2548 viam
1351 2500 1752 2549 Praenestinam
1776 2499 1962 2550 XVIII
1989 2499 2224 2549 millibus
2254 2514 2471 2563 passum
2505 2503 2572 2549 ab
2607 2503 2754 2561 urbe,
2792 2518 2935 2552 nunc

375 2584 569 2635 Romae
603 2587 663 2635 in
698 2600 875 2634 museo
897 2583 1163 2635 Vaticano
1203 2583 1361 2648 (XIV
1382 2586 1530 2637 2844.
1553 2585 1720 2646 2845,-
1755 2583 2001 2633 Huebner
2035 2601 2118 2635 ear.
2153 2586 2406 2649 scriptur.
2443 2587 2613 2651 epigr.
2647 2586 2765 2638 315.
2789 2587 2933 2654 316).

379 2700 437 2708 -
482 2672 528 2734 1)
569 2668 759 2721 Tribus
794 2670 1074 2720 Arniensis
1120 2674 1438 2734 argumento
1487 2673 1564 2720 est
1605 2666 1772 2729 fuisse
1819 2671 1914 2721 hos
1960 2671 2197 2720 homines
2249 2686 2317 2719 ea:
2372 2670 2554 2721 eadem
2601 2673 2768 2737 stirpe
2814 2687 2935 2722 cum

373 2758 502 2805 noto
552 2754 795 2805 Helvidio
831 2755 1012 2805 Prisco
1051 2759 1303 2821 praetore
1338 2772 1387 2807 a.
1421 2757 1501 2819 70,
1536 2757 1708 2806 occiso
1745 2757 1839 2805 sub
1877 2755 2205 2821 Vespasiano
2244 2753 2413 2819 (Suet.
2454 2756 2607 2821 Vesp.
2642 2757 2764 2823 15),-
2813 2773 2932 2807 eum

377 2843 518 2890 enim
551 2839 720 2901 fuisse
754 2841 900 2890 tribu
936 2842 1213 2904 Arniensi‚
1245 2840 1526 2906 probabile
1560 2845 1635 2889 est
1664 2843 1888 2905 propter
1922 2855 1984 2889 ea
2020 2855 2155 2904 quae
2195 2838 2412 2890 Tacitus
2446 2841 2564 2893 lu'st.
2599 2843 2647 2901 4,
2681 2843 2716 2891 5
2764 2842 2937 2892 tradit

375 2926 441 2976 de
476 2926 690 2989 origine
726 2926 840 2974 eius
875 2924 1071 2977 collata
1108 2927 1458 2990 inscriptione
1494 2923 1571 2976 IX
1588 2926 1739 2976 2999.
1806 2924 1961 2975 Fieri
1990 2928 2168 2990 potest
2198 2929 2261 2975 ut
2295 2925 2383 2975 bic
2407 2925 2460 2977 0.
2487 2925 2763 2975 Helvidius
2800 2925 2851 2977 C.
2889 2926 2932 2985 Γ.

370 3012 442 3060 sit
486 3013 598 3076 ipse
635 3011 854 3060 Priscus
896 3015 1122 3075 praetor
1165 3028 1216 3061 a.
1250 3010 1313 3060 70
1326 3046 1342 3073 ,
1393 3011 1683 3060 bonoribus
1728 3011 1935 3059 omissis
1975 3009 2119 3075 quod
2151 3013 2394 3059 mortuus
2430 3014 2507 3060 est
2541 3012 2600 3060 in
2635 3011 2820 3064 exilia.
2865 3039 2935 3048 —

371 3123 439 3135 —
477 3098 526 3159 2)
578 3095 754 3146 Verba
790 3102 843 3147 et
877 3093 935 3147 P.
969 3093 1168 3146 Helvidi
1207 3094 1366 3147 Prisci
1413 3098 1599 3160 postea
1636 3094 1847 3144 adiecta
1883 3098 2044 3155 sunt,·
2088 3094 2292 3144 scilicet
2336 3110 2455 3144 cum
2504 3094 2693 3145 titulus
2724 3097 2934 3161 positus

372 3184 503 3230 esset
553 3180 879 3244 Quinctae‘liae
925 3182 980 3232 P.
1017 3181 1250 3231 Helvidii
1284 3181 1457 3231 Prisci
1501 3182 1693 3244 uxori,
1733 3182 1952 3244 postea,
1996 3181 2185 3229 mariti
2227 3195 2436 3244 quoque
2481 3181 2687 3230 ossibus
2727 3182 2822 3230 sub
2872 3197 2932 3231 eo

372 3265 621 3327 conditis,
656 3267 816 3314 buius
850 3268 1047 3316 mentio
1084 3266 1215 3316 addi
1249 3266 1443 3316 debuit.

541 3417 668 3487 995
736 3420 966 3481 Flaviae
1011 3420 1078 3480 T.
1127 3415 1224 3503 [fi]
1269 3425 1276 3488 Ι
1318 3420 1566 3480 Sabinae
1607 3423 1617 3496 Ι
1656 3419 1943 3482 Caesenni
1994 3418 2193 3479 Paeti.¹

544 3520 607 3570 In
655 3522 781 3584 agri
818 3518 1042 3569 Romani
1084 3522 1199 3569 vico
1237 3520 1512 3585 Zagarolo
1552 3518 1710 3585 (XIV
1734 3521 1874 3573 2830
1922 3519 1996 3569 ad
2037 3519 2280 3584 exempla
2315 3518 2575 3569 nonnulla
2611 3517 2760 3579 facta
2795 3535 2933 3572 saec.

370 3604 565 3671 XVII).
599 3632 672 3644 —
708 3607 756 3667 1)
794 3604 1110 3655 Caesennius
1135 3604 1326 3654 Paetus
1353 3609 1531 3670 potest
1564 3603 1735 3665 fuisse
1770 3607 1817 3654 is
1850 3607 1944 3668 qui
1975 3601 2089 3663 suit
2121 3603 2309 3652 consul
2341 3617 2391 3651 a.
2415 3602 2474 3653 61
2511 3608 2563 3652 et
2597 3619 2726 3655 mox
2748 3605 2933 3655 Arme-

372 3692 496 3741 niae
516 3692 854 3755 praepositus
878 3688 1030 3754 (Tac.
1057 3705 1182 3740 ann.
1207 3689 1287 3751 15,
1305 3691 1337 3740 6
1353 3707 1458 3755 seq.
1453 3690 1503 3758 ),
1519 3695 1708 3756 postea
1735 3690 1942 3754 legatus
1966 3688 2162 3755 Syriae
2183 3689 2278 3736 sub
2303 3687 2624 3753 Vespasiano
2651 3689 2864 3756 (Ioseph
2888 3691 2935 3740 b.

373 3773 489 3826 Iud.
513 3775 561 3839 7,
582 3777 636 3834 3,
659 3776 705 3824 4.
729 3774 778 3838 7,
799 3773 845 3834 7,
869 3773 923 3840 1)
950 3778 1004 3822 et
1020 3773 1315 3838 proconsul
1335 3775 1497 3825 Asiae
1519 3777 1615 3825 sub
1639 3775 1954 3825 Domitiano
1982 3773 2173 3838 (Lebas
2196 3775 2251 3837 5,
2267 3775 2387 3826 538.
2414 3773 2615 3824 Ecklzel
2633 3774 2690 3838 2,
2704 3775 2819 3824 819.
2835 3775 2936 3825 557

372 3857 441 3919 ol:
476 3857 842 3923 Waddington
876 3857 1042 3919 factes
1070 3874 1223 3924 prov.
1259 3859 1422 3910 Asiae
1456 3875 1509 3911 n.
1544 3860 1661 3925 107)
1701 3863 1774 3926 (si
1808 3860 2020 3924 quidem
2056 3861 2144 3909 hic
2178 3874 2286 3908 non
2323 3859 2563 3909 diversus
2596 3856 2708 3918 fuit
2743 3876 2776 3910 a
2814 3874 2935 3909 con·

369 3943 484 3994 sule
519 3961 567 3996 a.
592 3944 698 4011 61).
762 3941 991 3996 Uxorem
1014 3943 1267 3995 Flauiam
1292 3944 1548 3996 Sabinam
1579 3943 1751 4005 fuisse
1785 3961 1854 3994 ecc
1888 3945 2056 4008 stirpe
2090 3943 2408 3994 Flauiorum
2443 3947 2536 4008 qui
2570 3946 2937 4008 regnaverunt

370 4032 543 4093 ipsum
579 4045 771 4079 nomen
805 4029 1019 4078 videtur
1055 4030 1340 4080 ostendere.

539 4179 667 4249 996
731 4183 807 4243 Μ.
839 4177 1055 4245 Fabius
1094 4183 1103 4266 Ι
1144 4184 1453 4245 Fabullus¹
1486 4185 1493 4266 Ι
1522 4182 1658 4243 trib.
1698 4182 1947 4244 militum
1990 4179 1998 4261 Ι
2038 4182 2148 4261 leg.
2175 4181 2306 4243 XIII
2341 4182 2526 4252 Gom„
2566 4181 2576 4264 Ι
2617 4183 2727 4260 leg.
2760 4181 2936 4260 Aug.²

374 4285 637 4364 provinc.
678 4284 687 4367 Ι
728 4287 956 4347 Africae
1003 4305 1092 4366 pr.
1140 4306 1250 4367 pr„
1291 4285 1300 4368 Ι
1340 4286 1453 4366 leg.
1500 4289 1648 4364 Aug.
1696 4284 1809 4363 leg.
1854 4284 1989 4344 XIII
2036 4284 2224 4355 Geni„
2264 4283 2273 4363 Ι
2313 4302 2461 4344 sacr.
2508 4284 2675 4364 Nym.

548 4384 829 4450 Topliczae
863 4389 921 4435 in
956 4401 1096 4450 agro
1131 4387 1535 4437 Poetovionemi
1574 4385 1680 4451 (III
1703 4384 1853 4451 4118)
1891 4402 1999 4450 rep.
2034 4412 2104 4422 —
2143 4388 2189 4446 1)
2227 4385 2493 4434 Incertum
2528 4398 2656 4433 num
2691 4382 2831 4432 idem
2863 4386 2938 4432 sit

368 4468 575 4519 Fabius
594 4470 853 4520 Fabullus
878 4474 973 4536 qui
997 4476 1159 4537 caput
1179 4471 1376 4523 Galbae
1401 4473 1732 4524 circumtulit
1752 4470 1914 4537 (Plut.
1937 4468 2084 4520 Galb.
2100 4470 2212 4537 27),
2237 4471 2443 4533 legatus
2469 4471 2694 4533 legionis
2718 4470 2935 4532 quintae

371 4553 705 4605 Alaudarum
766 4572 826 4606 eo
886 4559 1001 4621 ipso
1050 4572 1192 4607 anno
1244 4555 1396 4622 (Tac.
1442 4561 1561 4610 lu'st.
1599 4561 1654 4622 5,
1689 4558 1792 4625 14).
1840 4585 1906 4595 -
1956 4559 2007 4619 2)
2043 4555 2173 4620 Aug.
2223 4554 2535 4605 vocabulum
2585 4554 2936 4603 Mommsenus

373 4639 641 4690 adiectum
690 4641 859 4690 credit
893 4657 1107 4704 errore,·
1154 4655 1277 4690 nam
1316 4639 1522 4705 legatus
1556 4642 1795 4707 Augusti
1824 4657 1927 4708 pro
1957 4646 2210 4707 praetore
2245 4641 2513 4691 exercitus
2549 4636 2806 4699 Africani
2839 4640 2937 4688 vice

366 4727 548 4786 potuit
581 4724 706 4787 fieri
740 4725 1003 4776 Fabullus
1038 4731 1165 4776 ante
1202 4725 1520 4790 legationem
1559 4726 1784 4790 legionis
1820 4729 2012 4776 tertiae
2048 4726 2279 4776 decimae
2318 4723 2581 4778 Geminae.
