3432 5387
640 388 767 449 522
1255 470 1263 479 ι
1766 393 1947 463 Caput
1979 393 2075 449 IX.

818 561 990 633 2634
1057 565 1167 626 deo
1206 561 1217 647 Ι
1255 574 1461 627 sancto
1500 562 1510 646 Ι
1550 566 1816 629 Aulisvae
1867 565 1877 649 Ι
1928 568 2015 629 FI.
2063 566 2388 651 Cassilanus
2433 568 2728 651 praelsect.
2785 573 2915 634 alae
2955 572 2965 656 Ι
3006 574 3182 654 explo-

1650 754 2031 768 nnnnnnnnnn

822 819 1059 871 Tlemcen
1095 822 1154 870 in
1190 819 1533 870 Mauretania
1573 819 1732 885 (VIII
1765 821 1894 871 9906
1931 821 2070 872 vidit
2110 822 2450 889 Wilmanns).
2486 853 2554 863 —
2603 829 2650 888 1)
2695 825 2851 876 Alius
2901 824 3187 888 praefectus

656 906 886 957 eiusdem
910 905 1030 956 alae
1049 904 1455 969 esi-ploratorum
1474 903 1655 954 eodem
1674 904 1790 954 loco
1807 908 1992 969 posuit
2007 908 2219 959 tilulum
2240 908 2525 961 V1119907.
2574 910 3004 959 Pomaria-mium
3024 925 3189 961 nomen

646 992 901 1043 videnlur
924 991 983 1040 lu·
1006 988 1373 1054 exploratores
1396 991 1627 1040 traxisse
1652 991 1715 1038 ab
1743 1006 1802 1040 eo
1839 992 1954 1056 ipso
1992 991 2123 1054 loco,
2161 995 2287 1043 huic
2322 998 2461 1044 enim
2495 1009 2686 1044 nomen
2720 994 2834 1054 luit
2856 994 3107 1045 Pomaria
3124 995 3191 1043 cel

649 1079 959 1128 Pomm-ium
981 1073 1137 1135 (VIII
1153 1074 1325 1126 40465.
1344 1074 1517 1139 40470,
1542 1074 1644 1125 Μο.
1664 1077 1733 1127 ib.
1756 1091 1808 1140 p.
1827 1075 1965 1139 847).
1981 1103 2053 1114 ·—-
2076 1078 2127 1140 2)
2150 1078 2477 1130 Vocabulum
2502 1095 2711 1131 erasum
2737 1081 2870 1144 legit
2898 1077 3187 1129 Wlwsamzs.

815 1259 1068 1331 2635.
1123 1306 1392 1323 .....
1450 1256 1610 1347 [IJeg.
1655 1263 1827 1341 Aug.¹
1885 1262 1947 1324 in
2007 1258 2332 1348 c[u]!neum
2391 1265 2783 1348 Frisionlum²
2842 1264 3187 1348 Aballavjen-

644 1365 835 1427 sium⁸
879 1362 1194 1446 Philiplp„⁴
1250 1363 1412 1425 XIIII
1455 1363 1569 1423 kal.
1614 1373 1674 1424 et
1714 1363 1851 1424 XIII
1895 1363 1986 1425 ka.
2040 1368 2051 1441 Ι
2088 1365 2265 1441 Nov„
2326 1368 2466 1430 Gor.
2515 1368 2569 1429 Il
2625 1378 2684 1431 et
2730 1359 3186 1453 Pompei[ano]l

646 1485 790 1542 cos„
837 1477 897 1528 et
938 1467 1131 1527 Attico
1177 1476 1236 1526 et
1281 1459 1648 1550 Pre[ee]xtato
1693 1467 1840 1527 cos.²⁵
1907 1485 1958 1527 v.
2002 1486 2051 1528 s·
2098 1468 2136 1528 1.
2183 1487 2260 1529 m.

820 1588 883 1634 In
907 1583 1139 1649 Angliae
1161 1586 1383 1647 regione
1409 1582 1763 1634 cumberland
1784 1599 1898 1648 rep.
1929 1583 2042 1634 loco
2068 1584 2212 1636 dicto
2230 1586 2528 1654 Papcaslle,
2559 1603 2668 1639 non
2694 1587 2858 1652 longe
2882 1604 2919 1637 a
2944 1585 3081 1636 vallo
3103 1584 3186 1634 Ha-

650 1671 840 1721 driani
873 1669 1004 1731 (VII
1026 1669 1121 1720 415
1146 1667 1217 1730 cf.
1243 1670 1379 1734 Eph.
1404 1684 1481 1734 ep.
1504 1669 1543 1720 5
1573 1684 1628 1733 p.
1653 1668 1752 1719 15⁷0
1776 1669 1942 1719 descr.
1966 1670 2184 1735 Bruce).
2205 1699 2273 1708 —
2302 1675 2348 1734 1)
2379 1671 2693 1723 Translatus
2713 1670 2956 1733 fortasse
2980 1689 3014 1722 a
3037 1672 3185 1735 legato

651 1757 888 1821 Augusti
921 1758 978 1804 in
1000 1769 1281 1804 numerum
1304 1754 1617 1804 Frisionum
1650 1752 1769 1815 suit
1800 1759 1849 1803 is
1882 1757 1978 1819 qui
2012 1756 2154 1806 hunc
2187 1756 2403 1807 titulum
2434 1760 2633 1823 posuit.
2659 1786 2725 1795 —
2763 1760 2813 1822 2)
2843 1755 3188 1817 Confer-endu

645 1847 722 1891 est
762 1841 949 1891 tinctus
985 1854 1139 1905 quem
1171 1840 1480 1890 numinibus
1518 1840 1879 1903 compluribus
1912 1845 2211 1904 posuerunt
2234 1839 2347 1893 Ger.
2384 1841 2524 1893 cives
2559 1841 2802 1893 Tuihnnti
2841 1842 2996 1895 cunei
3034 1839 3185 1891 Frisio-

645 1941 756 1978 rum
793 1940 898 1977 ver.
932 1939 1029 1976 ser.
1049 1926 1112 1987 (ΣΡ)
1137 1922 1493 1973 Alexandriani
1534 1924 1696 1990 (Eph.
1724 1939 1802 1989 ap.
1839 1924 1885 1990 7,
1924 1924 2091 1990 4044),
2129 1939 2281 1989 quem
2304 1926 2425 1977 vide
2448 1925 2599 1988 infra
2622 1930 2769 1978 inter
2792 1929 2989 1980 titulos
3020 1939 3187 1976 saeros.

644 2010 807 2061 Dixit
841 2010 903 2060 de
940 2013 1121 2060 cuneis
1155 2007 1441 2058 Mommsen
1476 2008 1649 2060 Herm.
1686 2009 1750 2060 49
1781 2024 1834 2073 p.
1870 2009 1973 2061 254
1995 2027 2101 2076 seq.
2127 2039 2192 2048 —
2229 2013 2277 2073 3)
2305 2012 2565 2063 Aballava
2602 2017 2944 2063 memoratur
2979 2015 3039 2060 in
3070 2012 3180 2060 nati·

651 2097 731 2144 tia
755 2094 920 2159 Dign.
959 2108 1065 2145 occ.
1100 2108 1152 2158 p.
1179 2094 1288 2156 444,
1322 2097 1385 2143 ul
1415 2093 1563 2143 sedes
1590 2092 1860 2158 praefecti
1883 2096 2098 2144 numeri
2119 2092 2449 2147 Maurorum.
2477 2125 2541 2134 -
2568 2100 2619 2160 4)
2644 2095 2867 2165 Philipp.
2896 2095 3184 2149 vocabulum

653 2195 882 2240 erasum,
917 2178 1010 2228 sed
1045 2177 1153 2241 legi
1182 2182 1374 2243 potuit.
1412 2206 1478 2216 —
1516 2180 1566 2239 5)
1601 2180 1664 2230 49
1700 2183 1754 2227 et
1784 2180 1854 2229 20
1893 2178 2020 2239 Oct„
2057 2194 2107 2232 a.
2142 2180 2237 2232 244
2277 2184 2330 2230 et
2360 2183 2478 2233 242.

819 2347 992 2418 2636
1055 2349 1198 2428 imp.
1230 2348 1389 2410 Caes,
1437 2348 1514 2409 M.
1547 2348 1787 2409 Aurelio
1827 2347 1836 2432 Ι
1878 2350 2094 2411 Severo
2125 2352 2428 2412 Antonino
2458 2354 2628 2431 Aug„
2673 2351 2959 2436 burlgum
3004 2370 3182 2433 specu·

647 2453 932 2515 latorum¹
992 2453 1194 2513 Anto.²
1243 2449 1252 2532 Ι
1304 2452 1379 2513 Μ.
1429 2450 1545 2511 Val.
1594 2451 1882 2513 Senecio²
1938 2452 2051 2532 leg.
2111 2453 2236 2515 eius
2279 2472 2370 2532 pr.
2424 2451 2433 2535 Ι
2494 2472 2583 2533 pr.
2637 2473 2687 2515 c.
2734 2474 2786 2515 v.
2847 2457 2984 2517 fleri
3024 2454 3179 2525 iussit„

649 2575 703 2617 c.
761 2555 840 2616 3.*
926 2554 987 2616 C.
1046 2553 1192 2614 Iulio
1249 2553 1585 2637 Aellurione
1642 2567 1681 2615 7
1744 2554 1855 2632 leg.
1918 2554 1998 2614 III
2053 2555 2229 2633 Aug!⁵
2297 2555 2505 2630 Anto.‚
2561 2574 2722 2635 prae.
2795 2577 2853 2618 n.
2921 2559 2994 2619 Η.
3049 2552 3183 2617 Ant.⁸

650 2669 844 2731 (supra
869 2666 1116 2726 etiamn,
1152 2662 1362 2714 diversa
1387 2666 1574 2726 manu)
1619 2655 1710 2718 bis
1755 2657 1955 2736 posuit
1998 2656 2356 2720 Caletamera
2400 2658 2458 2719 in
2508 2667 2715 2739 tepore
2759 2678 2890 2721 suo.

820 2775 883 2825 In
916 2773 1192 2838 Numidia,
1227 2776 1368 2824 inter
1402 2773 1636 2824 Balnam
1673 2778 1727 2824 et
1757 2773 2007 2825 Bislcram
2043 2775 2157 2825 loco
2194 2774 2338 2826 dicto
2375 2774 2687 2827 eI—Kanlara
2724 2776 2887 2842 (VIII
2907 2779 3039 2829 2494
3072 2773 3179 2825 vidit

652 2859 1001 2922 Wilmanns).
1047 2887 1115 2895 —
1167 2860 1215 2920 1)
1268 2857 1393 2909 Non
1440 2859 1595 2924 longe
1644 2862 1710 2910 ab
1761 2861 1860 2910 Ιιοο
1896 2859 2052 2910 titulo
2085 2862 2237 2909 stetit
2271 2859 2459 2909 titulus
2498 2861 2628 2912 VIII
2661 2863 2794 2912 2495
2822 2865 3097 2927 pertinens
3124 2856 3179 2906 ad

649 2944 868 3009 burgum
906 2942 1301 3009 speculatorium
1341 2944 1466 3009 (sic)
1503 2944 1635 2995 iuter
1671 2942 1800 2995 duas
1826 2945 1935 2995 vias
1972 2943 2036 2995 ad
2060 2944 2278 2997 salutem
2316 2945 2707 2997 commeantium
2746 2949 3105 2997 constitutum.
3127 2969 3177 2979 —

650 3030 702 3093 2)
739 3029 1099 3079 Antoniniani
1133 3028 1267 3078 dicii
1297 3028 1655 3093 speculatores
1698 3046 1732 3080 a
1774 3028 2074 3080 Caracalla.
2110 3058 2176 3066 —
2226 3031 2275 3093 3)
2322 3029 2404 3079 De
2452 3032 2552 3080 hoc
2596 3029 2773 3094 legato
2810 3029 3094 3081 Numidiae
3123 3025 3178 3085 cl.

647 3128 815 3179 supra
850 3112 918 3164 N.
953 3113 1098 3165 4462.
1135 3141 1200 3150 —-
1235 3116 1288 3176 4)
1328 3112 1524 3164 Curam
1561 3117 1769 3179 agente.
1805 3141 1870 3150 —-
1907 3114 1958 3176 5)
1992 3111 2027 3161 7
2063 3114 2163 3179 leg.
2200 3113 2259 3165 III
2305 3113 2435 3180 Aug.
2472 3131 2712 3180 erasum,
2760 3116 2856 3166 sed
2891 3116 3098 3181 legitur.
3132 3137 3177 3148 -·

649 3200 701 3263 6)
739 3199 1046 3263 Praeposito
1082 3212 1305 3247 numero
1344 3198 1587 3250 Herculis
1608 3201 1688 3261 (Γ)
1731 3199 2103 3248 Antoniniana
2154 3205 2432 3259 (numerus
2469 3200 2710 3252 Herculis
2755 3201 2974 3252 videtur
3015 3212 3178 3250 memo·

646 3286 770 3333 rari
806 3284 865 3332 in
902 3282 1061 3333 titulo
1099 3284 1331 3333 eiusdem
1365 3286 1606 3348 regionis
1647 3283 1781 3338 VIII
1809 3285 1988 3346 2496).

1671 3640 2166 3719 Centuriones,

826 3808 999 3878 2637
1064 3812 1140 3872 Μ.
1189 3811 1425 3874 Helvius
1470 3812 1548 3872 M.
1593 3814 1633 3873 f.
1681 3813 1840 3874 Cam.
1888 3813 2077 3874 Rufus
2114 3810 2124 3895 Ι
2167 3813 2388 3874 CIvica²
2445 3814 2617 3894 prim.
2663 3814 2764 3894 pil.
2803 3814 2814 3896 Ι
2870 3814 3129 3877 balneum
3166 3805 3174 3888 Ι

647 3914 1051 3994 municipibus
1096 3923 1155 3974 et
1198 3913 1445 3975 incolis²
1482 3912 1492 3996 Ι
1533 3915 1707 3976 dedit.

824 4031 886 4082 In
912 4031 1107 4096 oppido
1138 4032 1421 4094 Vicovaro‚
1457 4032 1551 4081 ubi
1583 4028 1695 4092 fait
1720 4030 1909 4093 Varia,
1946 4037 2063 4084 octo
2086 4031 2300 4082 milibus
2332 4049 2584 4098 passuum
2621 4050 2653 4084 a
2684 4032 2878 4084 Tibure
2903 4032 3058 4095 (XIV
3066 4025 3173 4082 3472

650 4116 954 4182 descripsi).
983 4143 1045 4153 ·-—
1079 4119 1128 4178 1)
1155 4117 1252 4167 Hic
1288 4120 1367 4166 est
1390 4116 1603 4167 Helvius
1637 4115 1811 4177 Rufus
1847 4119 1943 4181 qui
1974 4117 2124 4168 miles
2152 4119 2447 4182 gregarius
2482 4133 2626 4169 anno
2659 4134 2711 4183 p.
2740 4118 2792 4170 C.
2815 4119 2885 4169 20
2919 4121 2977 4168 in
3013 4113 3172 4177 Africa

651 4201 802 4265 apud
840 4199 1061 4251 Thalam
1097 4200 1371 4251 castellum
1405 4198 1635 4262 fortiter
1676 4217 1732 4251 se
1770 4204 1938 4265 gessii
1985 4206 2036 4251 el
2080 4218 2112 4251 a
2156 4202 2476 4267 proconsule
2522 4204 2801 4268 lor-quibus
2849 4208 2901 4253 et
2943 4205 3111 4260 kasta,
3148 4209 3172 4243 ⁶

654 4284 866 4336 Tiberio
904 4301 1103 4336 corona
1142 4287 1311 4336 civica
1350 4284 1581 4336 donatus
1628 4288 1704 4334 est
1755 4284 1908 4351 (Tac.
1946 4302 2072 4337 ann.
2104 4288 2158 4352 3,
2192 4287 2257 4338 24
2298 4285 2368 4346 cll
2411 4286 2537 4338 Gall.
2571 4290 2623 4348 ὅ,
2659 4289 2705 4348 6,
2742 4288 2847 4355 44),
2892 4293 3092 4354 postea,
3127 4282 3173 4330 u(

647 4386 718 4420 ea:
756 4371 855 4420 hoc
890 4370 1047 4420 titulo
1073 4374 1315 4436 apparel,
1350 4370 1424 4420 ad
1445 4371 1877 4421 centurionatum
1898 4377 2179 4438 promotus
2202 4377 2255 4421 et
2277 4388 2309 4421 a
2335 4374 2508 4422 civica
2534 4388 2732 4423 corona
2761 4372 2940 4424 Civica
2975 4367 3171 4438 appella·

648 4459 735 4504 ius
771 4456 999 4515 (merum
1035 4470 1300 4520 agnomen
1336 4472 1443 4505 esse
1482 4455 1716 4507 Ciuicam
1753 4458 1914 4506 etiam
1937 4457 2063 4508 inde
2099 4456 2392 4521 colligitur,
2430 4457 2574 4522 quod
2605 4473 2714 4508 non
2752 4473 2872 4508 cum
2907 4453 3172 4507 nominibus

648 4541 708 4588 in
747 4555 795 4590 v.
831 4539 879 4603 4,
911 4539 1004 4588 sed
1039 4554 1158 4589 cum
1197 4541 1350 4590 titulo
1379 4541 1750 4605 primipilaris
1794 4544 1852 4592 in
1900 4557 1947 4593 υ.
1982 4544 2015 4594 2
2064 4544 2407 4593 coniunctum
2453 4543 2571 4609 est).
2616 4571 2683 4579 —
2730 4544 2781 4608 2)
2825 4542 3104 4605 Municipes
3132 4535 3169 4583 et

646 4623 859 4674 incolae
893 4623 1147 4674 videntur
1191 4642 1299 4675 esse
1332 4627 1619 4689 municipii
1658 4624 1955 4692 Tiburtini,
2003 4644 2072 4677 ear
2106 4643 2240 4693 quo,
2287 4631 2417 4677 teste
2453 4629 2597 4677 tribu
2637 4625 2892 4688 Camilia,
2943 4619 3167 4702 oriundus

647 4705 767 4768 fuit
804 4708 1019 4759 Helvius
1054 4706 1230 4769 Rufus
1241 4729 1262 4772 ‚·
1297 4725 1619 4775 quamquam
1654 4713 1817 4760 etiam
1857 4712 2026 4762 Varia
2062 4710 2294 4772 sortasse
2327 4712 2443 4772 l’uit
2475 4713 2845 4778 municipium.
