3432 5387
939 397 1113 453 Tituli
1146 399 1384 453 virorum
1421 401 1476 451 et
1508 397 1799 451 mulierum
1835 396 2041 451 ordinis
2078 395 2358 451 senatorii.
2806 394 2929 454 285

370 582 564 635 tutum
610 572 863 634 tuetioni
908 568 1187 654 omlnium
1233 574 1551 635 voluerunt
1595 591 1723 634 esse
1769 589 2104 642 commune,
2150 567 2470 653 adniltente
2514 571 2669 638 etian
2718 589 2767 630 ν.
2806 571 2931 646 inl.,

372 694 524 736 com.
570 694 636 736 ac
682 677 862 736 fratre
892 669 1217 753 melmorati
1248 675 1376 748 viri,
1422 675 1503 736 Cl.
1538 674 1759 754 Lepido
1805 694 1872 736 ex
1907 674 2202 735 consulari
2242 672 2252 754 Ι
2292 672 2637 734 Germaniae
2681 672 2928 753 primae,

372 796 443 839 ex
491 795 642 856 mag.
687 796 955 850 memor„
996 775 1005 858 Ι
1046 796 1115 838 ex
1153 796 1304 838 com.
1343 795 1543 837 rerum
1575 779 1802 856 privat„
1848 788 1914 838 ut
1943 795 2079 856 erga
2113 773 2396 858 omnilum
2429 773 2675 835 salutem
2707 771 2930 856 eorulm

369 881 628 942 studium
675 876 751 962 elt
796 878 1139 959 devoltionis
1182 875 1504 963 publicsae]
1556 874 1779 959 tiltulus
1823 874 2057 963 possi[t]
2109 878 2362 942 ostendi.

540 981 603 1031 In
631 983 918 1046 provincia
961 979 1293 1031 Narbonensi
1325 995 1492 1044 prope
1526 984 1700 1030 vicum
1738 979 1978 1031 sistor-on
2015 980 2167 1039 (olim
2196 978 2507 1043 Segustero)
2542 981 2599 1027 in
2636 980 2759 1027 viva
2796 992 2934 1042 rupe

369 1066 596 1115 incisum
632 1063 760 1124 (XII
793 1065 925 1117 1524
959 1065 1097 1115 vidit
1133 1063 1484 1129 Hirschfeld).
1529 1093 1596 1103 —
1636 1066 1682 1129 1)
1720 1064 2065 1115 Libellos-um.
2102 1093 2165 1101 -
2207 1065 2256 1125 2)
2292 1063 2588 1113 Dardanus
2622 1064 2708 1112 Ιιίσ
2740 1078 2934 1113 memo-

371 1154 537 1200 ratur·
573 1156 624 1201 et
659 1151 805 1215 apud
836 1167 1017 1201 rerum
1051 1153 1337 1217 scriptores
1382 1154 1434 1199 et
1478 1152 1543 1200 ab
1578 1152 1888 1214 Augustino
1927 1150 2380 1216 Hieronymoque‚
2430 1146 2500 1208 cf.
2540 1147 2845 1209 Hirschfeld
2878 1152 2931 1198 et

371 1234 661 1286 Mommsen
699 1235 751 1286 C.
787 1236 890 1288 XII
925 1236 958 1285 l.
996 1252 1073 1298 c.;
1107 1234 1420 1301 praefectus
1459 1238 1740 1299 praetorio
1780 1235 2081 1286 Galliarum
2134 1233 2389 1295 (secundo
2435 1237 2499 1282 ut
2547 1233 2783 1295 videtur)
2822 1229 2937 1293 fuit

372 1337 422 1371 a.
447 1320 728 1373 409-415.
753 1349 814 1358 —
844 1323 896 1383 3)
922 1320 1259 1386 Intellegitur
1282 1323 1432 1370 vicus
1455 1336 1563 1371 non
1587 1321 1747 1385 longe
1772 1336 1804 1369 a
1830 1336 1964 1385 rupe
1989 1320 2083 1371 tua
2121 1320 2328 1370 distans
2352 1319 2511 1370 hodie
2538 1320 2709 1370 dictus
2739 1317 2932 1369 Theon.

545 1422 717 1492 1280
783 1425 971 1487 Brutt.
1003 1426 1350 1486 Aurelianae
1395 1444 1446 1486 c.
1494 1426 1555 1500 L,
1593 1425 1603 1506 Ι
1644 1425 1795 1486 filiae
1834 1425 2137 1487 Musulami
2185 1435 2420 1504 patron.
2467 1432 2526 1484 et
2555 1424 2832 1506 Astelriae
2878 1442 2930 1485 c.

370 1527 445 1601 L,
509 1527 668 1608 nepti
716 1527 1034 1589 Marcellin.
1082 1547 1152 1589 ex
1199 1529 1394 1589 comit.
1436 1526 1446 1604 Ι
1486 1538 1544 1589 et
1587 1528 1849 1589 Marinae
1895 1536 1954 1588 et
1999 1528 2310 1590 Gallicani¹
2365 1546 2557 1588 conss.
2597 1525 2609 1609 Ι
2649 1525 2931 1598 ordinari,

374 1647 525 1708 quae
569 1630 711 1690 vixit
753 1648 894 1690 ann.
941 1629 1199 1690 xxxvl!
1238 1628 1249 1711 Ι
1289 1649 1476 1692 mens.
1522 1630 1574 1690 X
1618 1630 1744 1691 dies
1789 1629 2031 1700 XVIIII,
2086 1627 2163 1689 oh
2209 1630 2417 1690 merita
2456 1629 2466 1708 Ι
2503 1628 2830 1690 honestatis
2875 1636 2934 1688 et

376 1731 729 1792 concordiae
769 1729 778 1813 Ι
818 1733 1162 1810 coniugalis,
1209 1732 1292 1792 Fl.
1324 1732 1523 1792 Vitalis
1553 1751 1604 1791 v.
1638 1751 1688 1793 c.
1736 1743 1961 1811 protec.
2003 1729 2012 1814 Ι
2052 1743 2111 1793 et
2156 1731 2468 1803 notarius²,
2516 1731 2683 1791 uxori
2728 1748 2932 1791 amau-

369 1834 627 1895 tissimae
665 1834 674 1914 Ι
714 1843 774 1894 et
815 1835 944 1895 sibi.

498 1932 504 1937 ’
541 1933 800 1995 Mutinae,
837 1949 968 1984 arca
1004 1949 1304 1984 marmorea
1343 1938 1538 1985 ornata
1578 1934 1679 1994 (XI
1707 1935 1811 1987 830
1849 1934 2128 2000 descripsit
2158 1935 2477 1997 Bor-mann).
2515 1963 2580 1971 -
2622 1937 2670 1997 1)
2710 1933 2935 1984 Videtur

373 2035 484 2068 esse
524 2019 833 2070 Gallicanus
867 2020 1056 2070 consul
1090 2019 1401 2070 ordinarius
1436 2037 1484 2070 a.
1520 2021 1642 2073 350.
1692 2049 1760 2057 —
1809 2022 1859 2085 2)
1894 2021 2122 2084 Propter
2156 2021 2570 2071 clarissimatum
2605 2019 2935 2083 adscriptum

371 2107 670 2168 protectori
704 2105 1033 2169 Borghesius
1069 2119 1185 2170 opp.
1211 2107 1242 2156 6
1269 2122 1325 2171 p.
1350 2106 1453 2158 378
1488 2105 1706 2155 titulum
1743 2108 1973 2156 incisum
2004 2110 2164 2170 putat
2198 2122 2307 2155 non
2342 2111 2465 2156 ante
2501 2121 2548 2154 a.
2572 2103 2664 2154 414
2690 2101 2789 2164 (cf.
2816 2103 2933 2155 cod.

378 2188 568 2240 Theod.
604 2193 652 2254 6,
687 2190 769 2252 24,
801 2191 877 2253 7),
912 2192 1088 2240 nescio
1134 2205 1263 2240 num
1297 2195 1455 2242 recte.
1526 2191 1824 2241 Domestica·
1857 2194 1909 2240 et
1940 2192 2173 2252 notarii,
2210 2208 2280 2242 σω
2315 2205 2543 2256 quor-um
2577 2204 2797 2239 numero
2847 2189 2936 2239 hic

368 2279 643 2339 protector
677 2279 730 2325 et
764 2278 1011 2325 notarius
1046 2275 1260 2325 videtur
1292 2273 1462 2336 fuisse
1511 2274 1607 2337 (cll
1645 2275 1931 2326 Mommsen
1968 2277 2082 2341 oph.
2120 2291 2199 2340 ep.
2233 2278 2268 2325 ὅ
2308 2291 2365 2341 p.
2401 2274 2542 2340 437),
2591 2276 2699 2324 iam
2749 2290 2798 2323 a.
2833 2274 2932 2325 584

373 2360 749 2411 consularibus
782 2364 1121 2426 aequiperat·
1152 2365 1292 2411 sunt.

546 2461 715 2534 1281
786 2466 1006 2545 Spedii.
1047 2464 1058 2546 Ι
1116 2466 1298 2527 Acilio
1330 2466 1634 2526 Glabrioni
1667 2465 1889 2526 Sibidio
1935 2484 1986 2525 v.
2019 2484 2070 2526 c.
2119 2474 2179 2525 et
2207 2464 2485 2526 omnibus
2525 2461 2534 2545 Ι
2573 2465 2797 2526 meritis
2840 2465 2935 2524 in-

374 2567 561 2642 lustri,
609 2569 799 2647 legato
845 2569 905 2629 in
951 2568 1253 2647 provincia
1298 2568 1532 2641 Achaia,
1573 2567 1583 2646 Ι
1623 2568 1920 2628 consulari
1969 2567 2338 2646 Campaniae,
2384 2567 2600 2627 vicario
2647 2584 2754 2646 per
2798 2565 2935 2627 Gal-

374 2668 481 2731 lias
517 2668 528 2750 Ι
567 2679 791 2749 septem
841 2670 1295 2750 provinciarum,
1339 2670 1490 2731 sacri
1536 2670 1810 2731 auditorii
1842 2667 2173 2752 cogniltori,
2219 2669 2330 2730 sori
2361 2669 2606 2730 huiusce
2637 2668 2933 2730 inventori

373 2780 435 2833 et
479 2772 772 2834 conditori
816 2768 1048 2856 prilmo,
1094 2774 1246 2853 patri
1292 2773 1786 2843 reverentissimo,
1833 2772 2075 2833 Anicius
2105 2771 2324 2833 Acilius
2363 2770 2373 2852 Ι
2413 2770 2647 2832 Glabrio
2685 2770 2934 2833 Faustus

371 2895 424 2937 v.
457 2877 553 2948 c.¹‚
602 2875 716 2935 loci
748 2884 1010 2945 ornator,
1058 2885 1310 2953 togatam
1350 2874 1360 2954 Ι
1399 2883 1651 2935 statuam
1697 2874 1955 2935 offerens
2006 2875 2137 2954 piae
2184 2893 2305 2934 non
2353 2872 2551 2934 minus
2596 2891 2767 2952 quam
2813 2869 2935 2956 del-

371 2987 539 3038 votae
586 2977 800 3038 mentis
844 2977 1132 3055 religione
1179 2977 1515 3055 ponendam
1556 2977 1565 3056 Ι
1605 2976 2068 3055 erigendamque
2115 2976 2355 3036 curavit.

542 3075 739 3129 Romae
775 3076 879 3137 (VI
912 3076 1038 3129 ⁴678
1071 3077 1209 3127 vidit
1241 3078 1497 3139 Henzen).
1538 3105 1599 3113 —
1644 3081 1692 3132 1)
1732 3076 1812 3136 Cf.
1847 3076 1913 3128 Ν.
1941 3076 2093 3129 4285.

543 3178 714 3250 1282
777 3181 1133 3243 Tarrutenii.
1175 3179 1185 3260 Ι
1244 3181 1599 3243 Tarrutenio
1634 3180 2063 3242 Maximiliano¹
2097 3199 2147 3241 v.
2181 3199 2232 3240 c.
2267 3177 2277 3263 Ι
2311 3180 2933 3260 eloquentissimoque,

376 3283 675 3345 consulari
712 3282 722 3364 Ι
762 3283 962 3345 Piceni
1007 3302 1166 3344 anno
1211 3284 1414 3345 aetatis
1461 3284 1888 3358 nonodecimo,
1929 3288 1938 3358 Ι
1979 3284 2192 3345 vicario
2246 3283 2413 3345 urbis
2459 3283 2698 3356 Romae,
2744 3283 2959 3364 legato-

374 3381 732 3467 amplislsimi
777 3395 1018 3448 senatus
1060 3386 1342 3459 secundo,
1388 3404 1596 3448 socero
1635 3382 1646 3470 Ι
1685 3385 2161 3464 exoptatissimo,
2207 3385 2451 3447 Anicius
2495 3386 2712 3448 Acilius
2749 3382 2761 3466 Ι
2801 3386 2935 3447 Gla-

374 3488 504 3550 brio
550 3488 799 3550 Faustus
842 3507 894 3547 v,
942 3488 1038 3560 α’,
1081 3488 1194 3550 loci
1241 3487 1416 3549 huius
1465 3485 1475 3568 Ι
1530 3497 1791 3559 ornator,
1838 3496 2092 3566 togatam
2139 3496 2389 3549 statuam
2427 3485 2439 3568 Ι
2478 3487 2669 3548 libens
2726 3488 2934 3568 optuli.

378 3597 466 3657 (In
487 3601 646 3663 parto
669 3612 857 3647 aversa
884 3595 1106 3661 lapidis)
1128 3589 1372 3651 Anicius
1402 3589 1623 3652 Acilius
1654 3589 1892 3650 Glabrio
1925 3590 2175 3651 Faustus
2201 3588 2210 3671 Ι
2236 3609 2289 3649 v.
2336 3608 2385 3651 c.
2429 3590 2641 3651 consul
2683 3588 2936 3651 dicavit.³

544 3688 740 3741 Romae
773 3706 882 3756 rep.
921 3689 1200 3740 dicebatur
1232 3693 1290 3740 in
1324 3688 1451 3751 foro
1486 3688 1755 3752 Romano,
1804 3695 1883 3740 est
1916 3694 1976 3740 in
2008 3707 2187 3742 museo
2225 3690 2489 3742 Vaticano
2528 3690 2637 3753 (VI
2667 3690 2831 3756 1767).
2868 3719 2933 3727 -

381 3775 430 3838 1)
477 3774 574 3824 Hic
618 3776 834 3826 videtur
875 3791 986 3825 esse
1021 3775 1430 3826 Maximilianus
1474 3774 1548 3825 ad
1593 3790 1747 3841 quem
1784 3775 2138 3841 Symmachus
2173 3775 2321 3825 dedit
2351 3774 2625 3842 epistulas.
2660 3805 2729 3813 —
2766 3778 2815 3835 2)
2855 3775 2936 3837 cf.

373 3857 442 3911 Ν.
476 3860 629 3913 4283.
679 3890 738 3898 -
787 3861 839 3924 3)
873 3859 1014 3910 Haec
1059 3876 1170 3911 non
1216 3860 1353 3910 vidit
1385 3859 1625 3921 Henzen,
1674 3876 1773 3911 nec
1816 3864 1991 3925 magis
2039 3875 2176 3925 quae
2216 3863 2274 3910 in
2310 3860 2491 3911 eodem
2526 3876 2661 3911 saxo
2698 3863 2939 3917 extitisse

375 3945 632 3995 dicuntur
665 3944 873 3996 deorum
910 3945 1143 4011 participi
1177 3943 1185 4011 Ι
1216 3944 1475 3995 hominum
1513 3944 1716 3996 nutrici.

546 4046 716 4117 1283
782 4049 991 4111 Anicio
1037 4050 1262 4111 Achilio
1309 4049 1632 4131 Glabriloni
1680 4050 1926 4111 Fausto²
1970 4049 2314 4132 clarislsimo
2365 4052 2520 4124 viro,
2579 4049 2874 4130 quaestori
2922 4048 2932 4130 Ι

376 4151 709 4217 candidato,
753 4152 1013 4230 praetori
1052 4149 1062 4235 Ι
1102 4152 1317 4212 tutilari
1366 4161 1514 4225 (sic),
1561 4152 1792 4213 comitis
1842 4160 1964 4222 (sic)
2019 4150 2189 4235 inltra
2234 4152 2667 4223 consistorium,
2709 4150 2720 4229 Ι
2760 4150 2934 4212 tertio

376 4253 677 4332 praefecto
708 4252 895 4332 uribi²
941 4254 1248 4333 utriusque
1279 4252 1512 4337 inpelrii
1550 4254 1745 4315 iudicii
1795 4263 1920 4325 (sic)
1951 4251 2380 4335 sublimitalto’,
2427 4255 2725 4333 praefecto
2758 4269 2935 4332 prae-

373 4350 548 4437 tolrio
580 4354 776 4417 Italiae
808 4355 1002 4417 Africe
1039 4365 1098 4417 et
1134 4353 1144 4435 Ι
1183 4355 1422 4435 Inlyrici
1436 4356 1475 4428 ⁴,
1525 4357 1685 4435 quod
1731 4366 1789 4416 et
1833 4353 2269 4438 praelsentibus
2311 4356 2531 4435 gloriae
2576 4363 2634 4416 et
2670 4354 2680 4435 Ι
2721 4354 2936 4417 futuris

371 4454 798 4540 intcitamenlto
831 4466 956 4528 (sic)
997 4459 1066 4520 ad
1096 4459 1372 4519 virtutem
1404 4461 1531 4520 fore
1569 4466 1713 4532 (sie),
1746 4458 2111 4537 rolgantibus
2141 4457 2413 4532 Aricinis,
2453 4458 2463 4535 Ι
2502 4458 2602 4537 qui
2634 4457 2936 4518 beneficiis

371 4568 432 4622 et
474 4556 768 4643 relmediis
824 4560 1087 4622 eiusdem
1133 4556 1494 4641 ampllissimi
1537 4562 1645 4622 viri
1698 4561 1770 4621 ab
1816 4558 2248 4641 intoralbilibus
2293 4568 2421 4627 (sic)
2468 4559 2935 4641 necessitatibus

367 4662 609 4723 fuerant
651 4661 960 4745 vindicalti,
1007 4662 1083 4724 ob
1129 4662 1406 4742 praestita
1436 4663 1592 4724 circa
1632 4664 1643 4744 Ι
1680 4682 1745 4725 se
1778 4662 2085 4735 beneficia,
2132 4662 2278 4722 ordo
2317 4660 2328 4741 Ι
2367 4669 2426 4721 et
2454 4660 2609 4722 cives
2638 4669 2888 4723 statuam
2921 4654 2930 4742 Ι

370 4764 852 4825 conlocaverunt.
911 4814 916 4819 .
