3432 5387
1352 407 1522 462 Tituli
1557 408 1838 464 militares.
2749 412 2872 470 433

476 572 674 625 Romae
709 577 849 625 basis
884 591 1083 641 magna
1130 594 1432 631 marmorea
1480 597 1591 646 rep.
1640 598 1691 632 a.
1728 581 1860 633 1820
1907 583 1966 631 in
2002 584 2177 631 monte
2216 581 2413 646 Caelio,
2460 585 2554 633 ubi
2601 584 2759 635 hodie
2793 590 2874 635 est

305 657 437 709 villa
475 659 688 726 Mattei,
731 662 791 710 in
827 677 931 726 qua
968 666 1120 713 extat
1167 664 1270 730 (VI
1305 664 1476 731 1058).
1547 665 1631 716 Εο
1667 663 1783 715 loco
1815 662 1985 724 fuisse
2029 667 2313 716 stationem
2366 669 2584 732 quintae
2637 670 2875 720 cohortis

308 744 539 808 vigilum
582 747 691 794 iam
736 751 978 811 apparet.
1018 776 1080 784 —
1123 751 1171 813 1)
1205 752 1267 801 A.
1303 749 1421 802 210.
1457 778 1525 788 -
1562 752 1612 814 2)
1648 748 2017 812 Quintilianus
2047 748 2358 815 praefectus
2393 753 2634 815 vigilum,
2670 756 2874 821 Amyn·

308 829 492 878 tianus
524 829 930 895 subpraesectus
964 835 1081 883 noti
1115 838 1274 885 etiam
1312 852 1381 885 ex
1414 834 1536 885 aliis
1573 835 1747 885 titulis
1797 834 1906 900 (VJ
1937 835 2082 897 1059,
2119 835 2254 900 Eph.
2292 852 2370 902 ep.
2404 836 2454 899 7,
2489 838 2637 903 1207,
2672 841 2760 890 hic
2795 844 2873 890 est

308 916 472 964 etiam
504 912 658 975 infra
693 914 762 966 Ν.
785 916 963 983 2178).
988 945 1053 954 -
1092 921 1143 983 3)
1185 919 1438 981 Tribuno,
1473 921 1679 971 scilicet
1712 921 1950 970 cohortis
1986 922 2204 985 quintae
2238 921 2480 985 vigilum.
2503 950 2571 961 —-
2595 927 2648 989 4)
2672 924 2874 975 Beroea

309 1003 409 1049 aut
447 998 710 1051 Thraciae
745 1003 830 1062 (it.
865 1003 1027 1065 Ant.,·
1061 1005 1233 1057 Amm.
1259 1005 1428 1057 Marc.
1452 1005 1537 1068 27,
1560 1007 1608 1070 4,
1632 1004 1697 1055 12
1723 1004 1844 1070 cet.)
1882 1009 1980 1055 aut
2012 1004 2376 1057 Macedoniae.
2410 1035 2478 1044 —
2514 1010 2565 1072 5)
2604 1009 2877 1060 Oriundus

311 1101 381 1134 ex
416 1084 629 1135 colonia
663 1085 819 1137 Aelia
857 1086 1117 1153 Septimia
1152 1090 1415 1154 Aquinco.
1449 1116 1520 1128 —
1554 1093 1606 1154 6)
1642 1089 1912 1139 Incertum
1948 1105 2047 1139 cur
2075 1106 2210 1155 pars
2237 1094 2470 1143 nominis
2493 1092 2680 1144 Severi
2704 1110 2877 1160 erasa,

309 1170 436 1218 item
472 1184 570 1220 cur
606 1169 858 1221 Sohaemi
894 1174 1050 1237 origo
1073 1188 1180 1224 non
1219 1173 1493 1240 adscripta
1527 1177 1615 1226 sit.
1650 1201 1722 1212 —
1759 1176 1808 1237 7)
1847 1173 2252 1227 Cornicularius
2281 1174 2566 1243 praefecti,
2613 1180 2664 1241 8)
2700 1182 2879 1229 corni-

312 1252 553 1304 cularius
569 1254 949 1320 subpraet'ecti,
965 1257 1017 1320 9)
1038 1257 1412 1319 beneficiarius
1426 1257 1710 1325 praefecti,
1741 1262 1822 1321 10)
1844 1276 1876 1309 α
1897 1263 2296 1311 commentariis
2306 1260 2590 1328 praefecti,
2615 1266 2695 1327 11)
2708 1263 2878 1314 vexil-

312 1337 511 1402 larius,
571 1341 654 1403 12)
700 1343 845 1405 optio
896 1345 1198 1407 centuriae,
1256 1345 1339 1408 13)
1384 1347 1702 1394 tesserariae
1750 1347 2049 1409 centuriae,
2105 1347 2187 1409 14)
2233 1345 2609 1408 beneficiarius
2656 1350 2877 1411 tribuni,

317 1424 399 1485 15)
422 1428 634 1473 secutor
657 1427 878 1488 tribuni,
908 1429 990 1489 16)
1015 1427 1292 1490 librarius,
1336 1432 1416 1493 17)
1442 1428 1809 1479 codicillarius
1835 1431 2059 1495 tribuni,
2088 1432 2171 1495 18)
2194 1436 2448 1496 exceptor
2470 1434 2695 1499 tribuni,
2736 1435 2819 1495 19)
2844 1451 2876 1484 a

313 1507 531 1572 balneis,
566 1508 653 1571 20)
686 1513 1039 1573 victimarius,
1076 1515 1161 1575 21)
1198 1529 1232 1562 α
1269 1514 1669 1578 quaestionibus
1700 1511 1968 1579 praefecti
2002 1513 2098 1576 (cf.
2124 1514 2192 1567 N.
2218 1515 2366 1568 2117.
2388 1517 2564 1581 2146).
2585 1546 2653 1557 -
2690 1520 2773 1584 22)
2797 1518 2878 1568 De

313 1593 399 1641 his
432 1595 738 1659 optionibus
773 1593 843 1657 cll
877 1596 1050 1648 Cauer
1084 1599 1198 1662 eph.
1224 1600 1352 1663 spat
1385 1615 1438 1663 p.
1461 1598 1574 1650 451.
1595 1627 1659 1637 -
1698 1599 1784 1662 23)
1825 1599 2158 1651 Vexillarius
2192 1603 2484 1656 centuriae.
2504 1604 2572 1642 —'
2608 1605 2694 1666 24)
2719 1604 2880 1655 Buci-

313 1681 493 1731 nator.
538 1707 607 1716 —
656 1679 741 1745 25)
785 1678 960 1731 Notae
1013 1682 1432 1746 significationis
1472 1686 1730 1734 incertae.
1786 1711 1850 1720 —
1907 1685 1991 1747 26)
2041 1683 2327 1736 Librarius
2376 1686 2752 1752 subpraes'ecti.
2810 1716 2877 1727 —-

315 1764 401 1825 27)
426 1764 702 1828 Aquarius
722 1763 788 1830 (P,
812 1764 883 1825 cs.
910 1764 977 1820 N.
1000 1765 1136 1819 2156
1158 1772 1269 1817 not.
1291 1769 1367 1830 6).
1391 1794 1459 1805 —
1486 1769 1569 1831 28)
1588 1767 1978 1830 Beneficiarius
2001 1768 2377 1835 subpraefecti.
2405 1798 2472 1809 -—
2497 1774 2583 1835 29)
2607 1773 2882 1839 Exceptor

312 1846 581 1913 praefecti
627 1846 724 1909 (cf.
764 1850 937 1900 Cauer
981 1852 1096 1915 eph.
1143 1868 1221 1917 ep.
1259 1854 1293 1904 4
1335 1869 1391 1918 p.
1428 1855 1576 1917 432).
1623 1881 1691 1891 -
1741 1855 1827 1917 30)
1872 1854 2017 1903 Idem
2061 1869 2256 1904 munus
2299 1858 2573 1921 reperitur
2616 1858 2676 1906 in
2717 1858 2880 1908 titulo

318 1934 587 1985 classiarii
620 1933 668 1985 Χ
699 1936 861 1997 5478,·
896 1950 1002 2001 quo
1035 1938 1320 2002 pertineat,
1354 1939 1664 2004 ignoratur.
1691 1967 1757 1976 —
1795 1940 1880 2002 31)
1907 1938 2076 1989 Cacus
2111 1940 2422 1990 vocabulum
2453 1945 2736 2005 praeterea
2770 1957 2880 1993 non

316 2025 614 2085 repertum,
666 2021 760 2070 sed
800 2021 941 2071 idem
995 2023 1109 2070 sine
1153 2022 1317 2073 dubio
1366 2025 1510 2088 quod
1553 2024 1767 2088 cocula,
1815 2039 1922 2089 quo
1968 2023 2256 2087 vocabulo,
2308 2024 2550 2076 adhibito
2603 2043 2636 2076 a
2685 2026 2879 2077 Plauto

323 2103 469 2157 Trin.
512 2106 579 2169 ὅ,
622 2106 684 2168 2,
731 2106 854 2169 198,
895 2120 1104 2156 servum
1152 2106 1343 2156 militis
1387 2107 1694 2173 significari
1744 2108 2041 2170 adfirmant
2083 2108 2283 2158 Paulus
2325 2109 2475 2160 Festi
2514 2126 2568 2175 p.
2602 2113 2668 2162 45
2713 2110 2784 2161 Μ.
2829 2114 2882 2160 et

312 2190 523 2253 glossae
560 2189 1018 2241 Latino-Graecae
1054 2191 1283 2257 (Corpus
1312 2192 1473 2257 gloss.
1510 2195 1545 2244 2
1575 2209 1632 2258 p.
1666 2194 1794 2261 95),-
1831 2191 1901 2254 cf.
1940 2191 2273 2243 Kellermann
2305 2209 2361 2258 p.
2386 2193 2463 2247 17.
2534 2195 2678 2245 Idem
2711 2195 2880 2258 miles,

317 2291 436 2326 cum
464 2281 523 2325 in
548 2277 898 2341 inscriptione
920 2275 1103 2341 simili,
1135 2277 1231 2327 sed
1245 2278 1492 2343 paullum
1517 2279 1824 2343 antiquiore
1863 2277 1943 2329 Vl
1960 2278 2088 2328 1057
2125 2275 2224 2343 (cf.
2247 2275 2426 2345 infra)
2465 2280 2684 2330 dicatur
2707 2294 2734 2331 c
2759 2294 2792 2345 p
2819 2295 2881 2344 c.‚

318 2363 400 2411 his
458 2361 653 2411 litteris
708 2376 893 2411 cacum
951 2358 1216 2426 praefecti
1272 2364 1571 2413 cohortium
1622 2361 1935 2427 significari
1987 2365 2216 2413 coniecit
2261 2362 2595 2414 Kellermann
2644 2364 2677 2417 l.
2725 2378 2771 2416 c.
2813 2392 2882 2402 -

320 2448 408 2510 32)
449 2445 644 2499 Unclor
679 2448 929 2497 cohortis.

488 2532 689 2582 Eodem
700 2530 815 2580 loco
828 2530 1111 2595 eodemque
1122 2536 1353 2598 tempore
1372 2536 1588 2597 reperta
1604 2530 1885 2580 estsimilis
1896 2529 2038 2579 basis
2051 2532 2156 2592 (Vl
2172 2531 2341 2599 1057),
2362 2535 2517 2584 cuius
2531 2532 2704 2596 frons,
2726 2534 2884 2584 desti-

319 2620 452 2667 nata
485 2616 645 2666 titulo
681 2619 1037 2682 imperatoris,
1073 2618 1249 2667 nescio
1287 2632 1392 2681 quo
1428 2632 1572 2678 casu,
1607 2629 1780 2665 vacua
1815 2616 2091 2680 remansit,
2127 2621 2177 2666 et
2210 2618 2269 2666 in
2305 2620 2459 2668 cuius
2493 2620 2666 2668 tribus
2703 2619 2885 2669 lateri-

321 2702 417 2752 bus
447 2703 779 2768 perscriptae
811 2707 964 2765 sunt,
1007 2701 1187 2752 eodem
1220 2699 1340 2761 fere
1372 2703 1531 2754 modo
1567 2717 1671 2767 quo
1707 2702 1821 2762 hic,
1856 2704 2051 2766 septem
2085 2705 2359 2752 centuriae
2394 2704 2631 2754 cohortis
2667 2707 2885 2768 quintae

321 2785 564 2851 vig-ilum,
598 2787 692 2836 sed
725 2789 890 2838 tertia
927 2791 1136 2838 tantum
1171 2786 1288 2848 fere
1315 2804 1449 2853 pars
1482 2788 1760 2838 nominum
1793 2785 1974 2834 eadem
2011 2790 2118 2847 σείς
2151 2788 2409 2837 nimirum
2446 2788 2575 2839 haec
2610 2789 2751 2838 basis
2784 2788 2884 2839 ali—

322 2876 454 2936 quot
504 2875 661 2922 annis
697 2875 975 2938 antiquior
1009 2877 1085 2922 est
1120 2887 1281 2938 quam
1330 2872 1443 2933 illa,
1480 2874 1671 2937 quibus
1706 2873 1864 2920 annis
1899 2872 2035 2920 bona
2065 2886 2198 2934 pars
2231 2872 2462 2921 militum
2499 2872 2583 2922 vel
2615 2873 2881 2924 translata

323 2959 440 3006 erat
485 2958 546 3006 in
593 2958 729 3008 alios
762 2973 1013 3008 numeros
1060 2957 1143 3007 vel
1186 2957 1404 3007 dimissa
1442 2958 1694 3021 (positam
1731 2972 1838 3006 esse
1873 2973 1923 3007 a.
1958 2956 2086 3020 205,
2133 2971 2236 3021 quo
2272 2958 2433 3006 etiam
2468 2957 2609 3007 aliae
2643 2959 2886 3008 cohortes

321 3040 547 3104 vigilum
596 3041 909 3093 Caracallae
964 3044 1151 3093 titulos
1203 3042 1613 3106 dedicaverunt,
1666 3044 1893 3092 coniecit
1939 3041 2194 3107 Henzen).
2281 3041 2462 3091 Etiam
2515 3044 2573 3092 in
2623 3043 2725 3093 hac
2770 3043 2887 3092 basi

324 3127 505 3177 multis
539 3127 804 3177 militibus
838 3132 995 3178 notae
1032 3127 1336 3192 adscriptae
1372 3126 1445 3176 ad
1480 3126 1812 3191 designanda
1836 3141 2059 3176 munera
2093 3127 2284 3192 quibus
2319 3129 2377 3175 in
2412 3129 2670 3176 centuriis
2691 3124 2885 3191 funge-

324 3211 522 3262 bantur
557 3212 675 3274 (sed
698 3215 795 3261 via:
816 3227 1070 3278 umquam
1095 3215 1195 3262 uni
1229 3211 1501 3277 eidemque
1535 3212 1701 3262 militi
1735 3215 1793 3261 in
1827 3216 2061 3278 utraque
2095 3213 2210 3262 basi
2246 3212 2426 3262 eadem
2447 3215 2577 3262 nota
2613 3213 2886 3278 adscripta

324 3299 422 3360 est,
453 3296 655 3346 scilicet
690 3312 809 3347 cum
847 3296 1017 3348 altera
1042 3298 1185 3347 basis
1219 3296 1567 3361 incideretur,
1601 3301 1651 3346 ei
1673 3297 1870 3347 milites
1894 3298 1990 3362 qui
2011 3301 2384 3347 remanserant
2414 3300 2474 3347 in
2510 3298 2742 3361 cohorte,
2775 3300 2885 3348 iam

323 3398 435 3432 non
470 3382 655 3433 iisdem
688 3384 997 3433 muneribus
1031 3380 1403 3446 fungebantur
1437 3383 1629 3447 quibus
1663 3386 1853 3447 antea,
1894 3381 1990 3432 sed
2022 3382 2097 3432 ad
2128 3381 2394 3447 ampliora
2431 3379 2618 3445 officia
2649 3385 2889 3448 promoti

326 3471 524 3531 erant).
595 3467 958 3535 Syntagmata
995 3469 1273 3534 ambarum
1308 3469 1721 3534 inscriptionum
1757 3467 2016 3518 dederunt
2041 3466 2394 3529 Kellermann‚
2431 3469 2527 3532 qui
2558 3483 2649 3517 eas
2678 3470 2888 3532 primus

325 3553 695 3619 descripserat,
732 3552 871 3603 libro
897 3544 1425 3618 inscripto‘vigffl'lum
1451 3551 1812 3604 Romanorum
1837 3551 2096 3603 latercula
2122 3551 2229 3601 duo
2255 3544 2679 3602 Coelimontana’
2706 3550 2886 3615 (1837)

327 3642 381 3686 et
416 3637 627 3686 Henzen
665 3637 717 3689 C.
755 3637 838 3689 VI
865 3653 916 3701 p.
953 3638 1058 3688 208
1074 3652 1180 3701 seq.

501 3756 674 3828 2158
737 3761 977 3822 domino
1026 3780 1087 3822 n.
1132 3761 1515 3822 invictissimo
1569 3760 1580 3843 Ι
1631 3773 1690 3821 et
1735 3778 1917 3840 super
1974 3777 2182 3822 omnes
2230 3759 2240 3842 Ι
2295 3761 2611 3822 fortissimo
2672 3761 2814 3840 imp.
2875 3760 2884 3842 Ι

330 3861 494 3923 Caes.
541 3862 616 3923 Μ.
662 3863 923 3923 Antonio
966 3861 975 3944 Ι
1015 3863 1311 3924 Gordiano
1352 3861 1362 3943 Ι
1400 3863 1506 3924 Pio
1551 3862 1729 3924 Felici
1777 3863 1992 3924 invicto
2037 3866 2186 3942 Aug.
2227 3861 2236 3945 Ι
2276 3864 2486 3944 pontis.
2532 3882 2706 3938 max„
2749 3863 2887 3925 trib.

328 3972 454 4043 pot.
496 3966 506 4040 Ι
545 3963 652 4038 11¹,
713 3983 868 4037 cos.,
926 3983 1183 4044 procos.‚
1237 3985 1296 4044 p.
1342 3985 1423 4045 p.‚
1484 3964 1493 4048 Ι
1571 3961 1586 4029 ‚¹
1624 3961 1640 4027 Ι
1676 3963 1694 4027 ,¹
1728 3962 1741 4028 l
1780 3966 1797 4027 ,¹
1832 3961 1845 4027 i
1883 3961 1903 4029 ,¹
1935 3961 1955 4027 ,Ι
1986 3960 2004 4028 ,Ι
2039 3960 2156 4040 102,
2201 3967 2385 4045 praef.
2430 3966 2575 4043 vig..
2623 3967 2632 4047 Ι
2689 3984 2745 4044 p.
2790 3966 2888 4037 v.³,

331 4065 678 4127 curantibus
735 4067 899 4128 Aelio
952 4065 962 4149 Ι
1017 4067 1294 4146 Spectato
1351 4066 1650 4146 subpraef.
1707 4068 1821 4146 vig.
1866 4086 1918 4126 v.
1976 4068 2072 4140 e.⁴‚
2126 4064 2237 4148 {et
2295 4066 2533 4127 Aurelio
2591 4065 2890 4127 Masculo⁸

332 4166 579 4228 tribuno
640 4167 650 4247 Ι
712 4171 843 4230 coh.
905 4169 977 4229 v1
1035 4171 1150 4249 vig.
1208 4189 1411 4250 praep.
1471 4168 1721 4231 vexillat.
1839 4175 1927 4240 (ln
1975 4174 2163 4240 lacere)
2225 4168 2534 4246 agentibus
2585 4166 2594 4249 Ι
2648 4167 2886 4228 Aurelio

335 4269 472 4329 Diza
520 4284 576 4343 7,
616 4268 626 4349 Ι
665 4270 841 4331 Atilio
889 4271 1073 4333 Vitale
1125 4285 1180 4344 7,
1221 4270 1231 4353 Ι
1270 4272 1337 4332 L.
1385 4272 1670 4352 Septimio
1720 4271 2022 4332 Victorino
2069 4284 2125 4342 7.
2177 4266 2187 4351 Ι
2237 4268 2454 4330 Marcio
2500 4269 2722 4341 Quinto
2772 4282 2827 4343 7,
2875 4267 2884 4352 Ι

331 4371 730 4433 corniculario
787 4373 949 4434 trib.⁶
999 4370 1010 4455 Ι
1063 4373 1356 4454 Cupentio
1416 4374 1785 4435 Geminiano.
1878 4378 1966 4444 (ln
2011 4378 2180 4429 attero
2227 4378 2415 4441 latere)
2474 4371 2737 4433 dedicata
2794 4389 2888 4450 pr.

332 4492 523 4534 nonas
566 4473 740 4535 Febr.
782 4474 791 4557 Ι
832 4476 971 4555 imp.
1019 4476 1320 4537 Gordiano
1366 4478 1515 4554 Aug.
1562 4489 1621 4537 et
1664 4476 1863 4537 Aviola
1902 4473 1911 4557 Ι
1952 4475 2097 4535 cos.'¹

500 4573 673 4644 2159
737 4576 949 4638 Furiae
992 4577 1267 4641 Sabiniae
1306 4578 1315 4661 Ι
1355 4578 1799 4658 Tranquillinae
1851 4573 1861 4659 Ι
1910 4576 2312 4638 sanctissimae
2356 4576 2537 4656 Aug„
2589 4574 2600 4657 Ι
2649 4573 2891 4652 coniugi

330 4677 557 4738 domini
604 4698 662 4739 n.
704 4677 713 4760 Ι
754 4658 1042 4741 Gordiani·
1077 4684 1257 4761 Aug„
1298 4678 1309 4761 Ι
1359 4680 1706 4741 curantibus
1746 4680 1756 4762 Ι
1796 4678 2025 4740 Valerio
2079 4678 2358 4739 Valente⁸
2413 4697 2465 4739 v.
2512 4677 2596 4759 μ’
2644 4678 2654 4756 Ι
2704 4677 2892 4756 praef.

329 4780 507 4860 vigil„
551 4800 603 4842 v.
652 4800 701 4842 a.
749 4783 933 4861 praes.
973 4779 983 4865 Ι
1024 4792 1208 4862 praet.
1254 4801 1463 4844 eemm.
1511 4783 1644 4856 vv.⁹‚
1691 4780 1796 4860 et}
1839 4781 2068 4842 Valerio
2113 4781 2444 4843 Alexandro
2490 4800 2541 4841 v.
2586 4780 2662 4842 e.‘⁸
2701 4778 2711 4862 Ι
2750 4778 2894 4842 sub-

438 4886 627 4938 Dnssm,
659 4886 987 4942 inscriptiones
1016 4888 1224 4934 LatInae.
2418 4883 2481 4935 28
