3432 5387
579 394 702 453 284
1679 394 1862 461 Caput
1897 393 2025 447 1111.

581 588 698 649 que
758 569 1076 648 insignium
1130 569 1140 648 Ι
1188 568 1690 647 contemplatione
1750 568 1821 628 ad
1880 567 2239 647 posteritatis
2291 568 2300 647 Ι
2350 567 2696 628 memoriam
2754 568 3153 630 decorandam

579 679 831 732 statuam
875 670 986 732 sub
1026 669 1035 751 Ι
1073 689 1219 733 auro
1264 670 1590 748 fulgentem
1637 670 1696 729 in
1732 672 1863 730 soro
1894 669 2008 729 divi
2038 669 2275 730 Traiani
2316 665 2326 752 Ι
2364 670 2511 749 erigi
2558 671 2977 748 conlocarique
3024 671 3154 732 ius-

579 783 804 835 serunt.

757 871 953 923 Romae
991 873 1097 932 (VI
1129 873 1256 924 4727
1295 873 1433 922 vidit
1457 873 1710 935 Henzen).
1736 900 1801 909 —
1843 874 1892 934 1)
1927 871 2063 922 Fuit
2097 874 2349 922 tribunus
2373 877 2423 921 et
2447 875 2699 923 notarius
2736 870 2834 937 (cs.
2858 872 3152 923 Mommsen

579 958 808 1010 Staatsr.
848 959 879 1008 I
905 974 957 1024 p.
993 959 1096 1009 527
1131 962 1240 1009 not.
1275 960 1356 1025 5).
1396 985 1455 994 —
1497 959 1548 1019 2)
1586 956 1737 1007 saci-ii
1784 955 1935 1021 lapis.
1980 987 2029 992 ι-
2080 959 2130 1020 3)
2167 959 2232 1008 A.
2267 959 2398 1018 599‚·
2445 973 2570 1008 nam
2614 958 2941 1021 Peregrinus
2976 974 3153 1010 comes

578 1047 630 1092 et
656 1049 988 1108 procurator
1023 1042 1238 1093 divinae
1274 1043 1462 1094 domus
1497 1041 1570 1091 ad
1605 1057 1758 1107 quem
1791 1044 2012 1106 scripsit
2044 1043 2313 1092 Honorius
2348 1060 2397 1092 a.
2421 1045 2523 1095 599
2559 1044 2703 1103 (cod.
2748 1041 2941 1094 Theod.
2975 1046 3029 1107 9,
3062 1044 3149 1120 42,

575 1130 681 1193 46),
717 1129 931 1179 videtur·
961 1128 1101 1178 idem
1136 1144 1259 1178 esse.
1322 1126 1401 1188 Cr.
1434 1125 1738 1186 Hirschfeld
1764 1128 1938 1179 Verw.
1964 1128 1990 1177 4
2026 1143 2078 1191 p.
2104 1130 2169 1178 48
2203 1132 2311 1177 not.
2338 1128 2365 1177 4
2381 1153 2400 1194 ‚·
2435 1127 2723 1179 Mommsen
2759 1145 2920 1179 rienes
2944 1130 3150 1179 Archiv

575 1212 620 1275 f.
658 1215 778 1264 aell.
817 1214 1064 1264 deutsche
1103 1212 1283 1264 Gesclz.
1321 1212 1398 1274 44,
1435 1212 1565 1264 4889
1609 1228 1663 1277 p.
1700 1214 1791 1263 464
1829 1217 1940 1263 not.
1975 1215 2027 1264 5.
2072 1240 2131 1248 -
2169 1215 2220 1275 4)
2258 1212 2337 1261 De
2379 1209 2746 1277 praefecturis
2792 1216 2946 1264 urbis
2990 1217 3151 1265 Pere-

571 1301 729 1364 grini
766 1298 834 1357 cf.
874 1300 937 1348 de
973 1298 1126 1349 Bessi
1162 1315 1287 1349 ann.
1325 1302 1443 1348 inst.
1483 1299 1630 1349 areli.
1667 1297 1794 1348 4849
1830 1315 1881 1358 ρ.
1907 1298 2008 1349 549
2044 1303 2154 1348 not.

747 1419 918 1488 1276
985 1422 1286 1484 Postumio
1332 1421 1646 1502 Lampadio
1694 1439 1744 1479 ν.
1792 1439 1843 1479 c.
1885 1420 1894 1502 Ι
1935 1432 1993 1480 et
2044 1420 2309 1490 inlustri,
2358 1438 2523 1481 cons.
2572 1419 2814 1500 Camp.¹,
2856 1421 2867 1502 Ι
2906 1424 3147 1484 restitu-

578 1526 692 1584 tori
739 1524 961 1603 patriae
1014 1523 1022 1605 Ι
1074 1534 1133 1584 et
1186 1523 1639 1602 redintegratori
1686 1540 1934 1601 operum
1975 1521 1983 1601 Ι
2024 1521 2429 1600 publicorum,
2490 1521 2714 1583 ordinis
2764 1524 3087 1603 provisori,
3137 1523 3146 1607 Ι

576 1627 783 1708 populi
828 1626 1193 1699 subventori,
1241 1625 1317 1685 ob
1356 1625 1607 1702 insignia
1648 1622 1657 1707 Ι
1697 1623 1825 1683 eius
1862 1624 2158 1696 unibersa‚
2205 1633 2458 1703 patrono
2492 1624 2667 1703 longe
2707 1622 2717 1706 Ι
2756 1644 2786 1684 a
2821 1627 3147 1688 maioribus

581 1729 873 1807 originali,
920 1729 1067 1789 ordo
1107 1724 1117 1810 Ι
1156 1728 1484 1806 Capuensis
1527 1727 1644 1786 voti
1691 1737 1749 1786 et
1796 1724 2041 1804 obsequi
2086 1726 2175 1785 sui
2216 1722 2226 1806 Ι
2264 1726 2482 1804 pignus
2527 1726 2757 1786 locavit.

751 1829 964 1894 Capuae
1012 1828 1083 1888 (X
1115 1829 1249 1880 5860
1284 1831 1497 1892 partem
1545 1825 1681 1875 vidit
1727 1823 2041 1890 Mommsen,
2096 1829 2309 1890 integra
2359 1827 2625 1892 descripta
2672 1828 2960 1892 aliquoties
3005 1845 3142 1879 saec.

578 1914 948 1980 XVIlXVIII).
987 1941 1050 1950 —
1093 1915 1140 1974 1)
1178 1912 1318 1961 Idem
1356 1910 1657 1962 consularis
1684 1911 2007 1975 Campaniae
2043 1917 2119 1961 est
2152 1910 2204 1961 Χ
2222 1911 2361 1962 4704.
2429 1911 2571 1962 Idem
2606 1912 2822 1963 videtur
2848 1915 3148 1964 Postumius

576 1999 910 2063 Lampadius
943 1995 1252 2061 praefectus
1286 1999 1436 2046 urbis
1470 1995 1666 2047 Romae
1701 1998 1848 2046 inter
1882 2012 1931 2047 a.
1968 1997 2235 2048 405-408
2269 1997 2568 2060 (719920).

754 2118 919 2186 1277
989 2119 1073 2178 Fl.
1109 2118 1418 2178 Stilichoni
1458 2138 1511 2177 ν.
1543 2120 1616 2178 c.¹
1659 2116 1669 2198 Ι
1708 2118 1752 2177 F
1759 2118 1793 2177 l.
1829 2118 2136 2178 Stilichoni
2181 2118 2601 2180 inlustrissimo
2643 2120 2769 2179 viro
2810 2115 2819 2202 Ι
2860 2122 3140 2200 magistro

581 2229 846 2302 equitum
895 2221 1307 2301 peditumque,
1364 2217 1375 2301 Ι
1428 2221 1626 2280 comiti
1672 2219 2163 2291 domesticorum,
2210 2220 2451 2280 tribuno
2499 2204 2874 2299 praetoriano
2913 2221 2924 2303 Ι
2965 2232 3024 2283 et
3070 2223 3141 2283 ab

580 2326 827 2386 ineunte
875 2332 1060 2383 aetate
1105 2341 1213 2402 per
1257 2322 1474 2401 gradus
1519 2320 1892 2403 clarislsimae
1939 2322 2174 2382 militiae
2232 2324 2300 2383 ad
2349 2323 2624 2383 columen
2672 2322 2895 2400 gloriae
2935 2326 2945 2399 Ι
2983 2343 3139 2385 sem-

579 2428 848 2506 piternae
893 2435 951 2485 et
981 2425 1176 2504 regiae
1206 2424 1522 2485 adfinitatis
1558 2433 1779 2494 evecto,
1809 2419 1818 2505 Ι
1843 2425 2219 2502 progenero²
2250 2424 2360 2484 divi
2395 2424 2707 2497 Theodosi,
2740 2427 2944 2486 comiti
2976 2427 3089 2487 divi
3129 2425 3138 2509 Ι

578 2528 870 2589 Theodosi
916 2527 1163 2606 Augusti
1222 2527 1281 2587 in
1343 2526 1618 2587 omnibus
1680 2525 1847 2586 bellis
1898 2526 1907 2604 Ι
1946 2526 2137 2605 adque
2181 2526 2441 2587 victoriis
2485 2536 2543 2587 et
2587 2525 2658 2587 ab
2706 2546 2777 2588 eo
2824 2529 2884 2589 in
2933 2530 3139 2590 adfini-

577 2641 755 2691 tatem
808 2629 818 2712 Ι
869 2629 1086 2709 regiam
1147 2638 1422 2709 cooptato
1481 2629 1743 2707 itemque
1794 2628 2039 2688 socero³
2084 2629 2139 2688 d.
2188 2647 2246 2687 n.
2287 2627 2298 2709 Ι
2336 2628 2562 2689 Honori
2607 2631 2884 2710 Augusti,
2945 2633 3136 2695 Africa

579 2732 842 2795 consiliis
887 2733 1013 2793 eius
1051 2728 1062 2812 Ι
1101 2741 1160 2793 et
1203 2730 1538 2810 provisione
1583 2731 1880 2803 uben-³1³⁴,
1928 2750 1999 2791 ex
2043 2751 2090 2792 s.
2137 2751 2187 2791 c.

746 2830 945 2884 Romae
979 2848 1089 2897 rep.
1127 2834 1185 2881 in
1222 2829 1345 2891 l'oro
1382 2848 1429 2883 a.
1457 2830 1606 2892 1539,
1644 2834 1784 2880 basis
1819 2846 2018 2896 magna
2050 2845 2354 2882 marmorea
2381 2832 2488 2893 (VI
2505 2832 2635 2885 4750
2661 2833 2797 2883 uidit
2820 2835 3137 2897 Bor-mann).

576 2946 644 2957 ——
687 2922 731 2981 l)
770 2917 911 2967 Haec
944 2920 1150 2982 scripta
1185 2920 1243 2966 in
1278 2919 1528 2980 margine
1563 2918 1704 2966 basis
1740 2918 1848 2965 iam
1884 2932 1992 2966 non
2028 2921 2233 2967 extant.
2257 2943 2322 2955 --
2349 2918 2399 2981 2)
2429 2917 2579 2969 Umor
2602 2917 2917 2971 Stilichonis
2937 2920 3135 2972 Smne

575 3003 693 3064 filia
743 3000 855 3062 suit
897 3000 1096 3062 fratris
1149 3002 1445 3053 Theodosii.
1489 3029 1558 3039 —
1603 3003 1653 3061 3)
1693 2999 1775 3061 Cf.
1821 3016 1988 3066 supra
2034 3000 2100 3052 Ν.
2136 3004 2249 3052 800.
2294 3030 2362 3041 ·-
2410 3006 2461 3065 4)
2508 3003 2869 3067 Significatvr
2912 3008 3138 3057 uictoria

577 3090 644 3139 de
682 3089 905 3139 Gildone
945 3092 1225 3152 reportata
1263 3104 1313 3137 a.
1362 3089 1480 3139 398.
1560 3085 1772 3136 Titulus
1798 3090 2011 3151 positus
2046 3103 2156 3135 esse
2191 3087 2403 3137 videtur
2443 3105 2551 3138 non
2598 3090 2766 3138 multo
2807 3094 2955 3156 post,
3002 3096 3141 3141 certe

579 3178 706 3223 ante
742 3189 944 3222 annum
980 3176 1091 3235 400,
1128 3189 1232 3237 quo
1271 3172 1499 3222 Stilicho
1532 3175 1768 3238 primum
1807 3172 1993 3222 consul
2023 3172 2245 3237 prodiit.

749 3258 922 3329 1278
989 3255 1064 3345 [F
1065 3259 1101 3320 l.
1127 3259 1434 3322 Stilichoni
1462 3256 1894 3344 inlustrissimo]
1937 3259 1946 3342 Ι
1986 3260 2130 3333 viro,
2163 3260 2253 3321 bis
2285 3261 2514 3321 consuli
2544 3261 2893 3333 ordinario¹,
2922 3263 2932 3344 Ι
2959 3266 3137 3342 magi-

576 3372 699 3425 stro
744 3363 1056 3440 utriusque
1101 3361 1359 3431 militiae,
1400 3364 1408 3436 Ι
1449 3362 1648 3423 comiti
1693 3363 2151 3423 domesticorum
2193 3365 2201 3437 Ι
2242 3373 2300 3422 et
2342 3363 2551 3423 stabuli
2599 3364 2747 3425 sacri
2790 3363 2981 3444 adque
3020 3364 3031 3447 Ι
3067 3366 3137 3425 ab

579 3466 825 3527 ineunte
886 3474 1072 3525 aetate
1130 3483 1237 3544 per
1277 3467 1285 3541 Ι
1324 3465 1541 3543 gradus
1599 3463 1951 3525 clarissimae
1991 3462 1999 3545 Ι
2041 3465 2276 3524 militiae
2322 3466 2390 3524 ad
2438 3465 2710 3526 columen
2758 3467 2952 3545 regiae
2994 3466 3002 3547 Ι
3040 3469 3139 3528 ad-

578 3568 820 3628 finitatis
876 3576 1109 3640 evecto,
1167 3567 1328 3627 socio
1380 3566 1390 3647 Ι
1442 3564 1734 3626 bellorum
1794 3567 2057 3626 omnium
2110 3566 2119 3643 Ι
2172 3578 2229 3626 et
2274 3567 2649 3628 victoriarum
2696 3570 2875 3629 adfini
2916 3567 2926 3650 Ι
2966 3570 3135 3631 etiam

584 3669 699 3729 divi
744 3668 1038 3729 Theodosi
1083 3669 1330 3747 Augusti
1373 3667 1381 3749 Ι
1421 3668 1677 3746 itemque
1737 3686 1944 3729 socero
1984 3666 1993 3749 Ι
2034 3669 2234 3728 domni
2294 3669 2482 3729 nostri
2533 3669 2758 3730 Honori
2805 3674 3072 3752 Augusti,
3128 3671 3139 3755 Ι

576 3769 834 3849 populus
866 3770 1168 3831 Romanus
1206 3772 1216 3848 Ι
1255 3789 1365 3849 pro
1402 3770 1686 3850 singulari
1719 3772 1844 3831 eius
1882 3768 1891 3851 Ι
1933 3771 2087 3830 circa
2117 3789 2181 3831 se
2214 3788 2414 3832 amore
2454 3770 2463 3855 Ι
2502 3774 2692 3851 adque
2724 3774 3089 3852 providentia
3124 3774 3131 3856 Ι

577 3881 827 3934 statuam
859 3891 927 3932 ex
959 3891 1093 3933 aere
1125 3881 1491 3951 argentoque
1532 3870 1540 3951 Ι
1582 3872 1638 3932 in
1674 3872 1883 3933 rostris
1912 3873 1984 3933 ad
2018 3873 2358 3932 memoriam
2398 3870 2406 3953 Ι
2447 3874 2668 3951 gloriae
2698 3878 3092 3955 sempiternae
3127 3878 3132 3953 Ι

578 3975 1005 4037 conlocandum
1064 3976 1351 4044 decrevit,
1392 3973 1402 4055 Ι
1442 3985 1775 4052 exequente
1823 3974 1907 4035 Fl.
1956 3974 2171 4035 Pisidio
2218 3974 2468 4036 Romulo
2508 3973 2517 4058 Ι
2556 3996 2608 4035 v.
2655 3996 2707 4038 c.
2753 3982 2938 4057 praes.
2984 3979 3140 4040 ιιι-Ι).2

747 4074 943 4126 Romae
978 4077 1094 4125 basi
1127 4090 1324 4139 magna
1361 4090 1682 4137 marmorea,
1718 4091 1826 4124 una
1867 4091 1986 4125 eum
2007 4076 2361 4140 praecedente
2384 4080 2446 4125 ut
2468 4077 2682 4127 videtur
2704 4094 2814 4143 rep.
2843 4078 2947 4138 (VI
2968 4080 3137 4143 4734).

576 4190 644 4200 -
684 4164 732 4223 1)
770 4161 968 4212 Consul
996 4163 1234 4227 primum
1262 4160 1474 4226 prodiit
1510 4159 1739 4211 Stilicho
1778 4178 1825 4211 α.
1849 4163 1960 4222 400,
1997 4163 2189 4210 iterum
2228 4177 2278 4212 a.
2301 4163 2413 4212 405.
2445 4191 2507 4199 -
2547 4164 2600 4226 2)
2637 4160 2717 4224 Cf.
2751 4179 2917 4228 supra
2954 4163 3023 4216 N.
3043 4165 3137 4216 799

575 4252 686 4297 not.
711 4248 764 4297 2.

750 4348 918 4417 1279
983 4350 1064 4411 Cl.
1101 4351 1415 4412 Postumus
1464 4351 1769 4411 Dardanus
1813 4370 1863 4410 v.
1912 4351 2013 4412 inl.
2062 4361 2122 4412 et
2164 4347 2458 4434 paltriciae
2503 4352 2823 4431 dignitatis,
2877 4371 2947 4414 ex
2993 4330 3133 4414 coii-

577 4451 757 4513 sulari
791 4450 1145 4532 prolvinciae
1179 4453 1549 4523 ViennensiS,
1598 4472 1667 4513 ex
1699 4453 1978 4531 magistro
2015 4450 2235 4535 scrilnii
2268 4453 2415 4525 lib.¹,
2461 4473 2532 4515 ex
2564 4466 2808 4534 quaest„
2853 4474 2922 4517 ex
2953 4456 3133 4535 praes.

577 4563 730 4632 pret.
785 4553 970 4626 Gau),
1029 4564 1089 4614 et
1132 4556 1142 4631 Ι
1182 4555 1358 4615 Nevia
1405 4554 1567 4616 Galla
1626 4555 1768 4615 clar.
1830 4566 1887 4615 et
1945 4556 2048 4616 inl.
2109 4557 2278 4630 sem„
2335 4566 2524 4617 mater
2566 4559 2700 4617 fam.
2743 4555 2752 4634 Ι
2792 4558 2948 4629 eius,
3001 4558 3134 4619 loco

579 4653 675 4715 cui
711 4673 926 4715 nomen
961 4656 1283 4736 Theopoli³
1313 4667 1419 4729 est,
1462 4657 1470 4736 Ι
1510 4656 1734 4717 viarum
1781 4676 1952 4718 usum
2000 4659 2185 4719 caesis
2227 4659 2524 4738 utrimque
2556 4657 2864 4744 monltium
2905 4658 3134 4721 laterib.

578 4756 1030 4835 praestiterunt,
1090 4775 1293 4818 muros
1332 4756 1341 4838 Ι
1381 4767 1440 4818 et
1482 4767 1683 4837 portas
1728 4758 2039 4831 dederunt,
2087 4760 2243 4838 quod
2291 4761 2352 4821 in
2398 4779 2538 4840 agro
2577 4765 2588 4837 Ι
2627 4762 2871 4842 proprio
2913 4761 3132 4822 consti-
