3432 5387
473 327 512 384 6
1617 326 1799 395 Caput
1832 327 1873 380 1.

473 503 524 549 el
558 497 624 548 de
657 514 719 548 ea
755 514 815 548 ra
850 498 1024 549 edicta
1053 513 1156 562 per
1189 502 1357 549 totam
1382 499 1599 549 Italiam
1633 499 1777 548 mitti
1813 513 1845 547 a
1882 497 2189 548 consulibus
2224 500 2433 547 censuit
2453 502 2686 560 senatus,
2725 501 2852 547 testa
2876 497 3038 548 Livio

473 586 558 646 39,
583 584 646 635 44
666 581 751 643 -cll
780 582 884 634 Cic.
910 584 975 634 de
1001 583 1104 649 leg.
1127 585 1181 647 2,
1206 583 1287 646 45,
1309 584 1395 636 37.
1467 583 1529 634 In
1568 585 1668 634 hac
1705 582 1890 634 tabula
1927 585 2180 634 habemus
2216 582 2438 633 tabellas
2462 581 2560 643 (cs.
2586 598 2635 634 v.
2652 584 2746 647 29)
2781 585 2893 633 sive
2930 587 3040 648 epi-

473 667 670 747 stulam
706 668 770 718 de
804 684 865 718 ea
901 684 963 719 re
996 669 1154 719 datas
1188 668 1263 720 ad
1292 672 1662 734 magistratus,
1708 671 1773 718 ut
1804 669 2034 734 videtur,
2083 669 2194 718 vici
2227 668 2460 718 alicuius
2496 670 2625 732 agri
2664 666 2901 718 Tem-ani
2937 666 3040 728 (cs.

476 768 526 804 v.
548 754 662 817 30),
698 767 817 804 eum
849 756 1145 819 praemissa
1179 758 1335 819 parte
1368 758 1587 804 senaim
1623 753 1873 806 consulti.

1054 1058 1366 1136 Senatus
1421 1061 1829 1139 consultum
1884 1060 1975 1136 de
2026 1060 2472 1135 Tiburtibus,

64 1198 477 1328 Q?
646 1209 730 1277 19
779 1214 846 1273 L.
882 1212 1193 1275 Cornelius
1239 1212 1345 1274 Cn.
1392 1215 1433 1273 f.
1478 1232 1571 1295 pr.
1616 1232 1745 1275 seu.
1791 1233 1955 1276 cons.
2001 1233 2053 1274 a.
2085 1215 2141 1274 d.
2187 1211 2267 1272 111
2300 1198 2489 1273 nonas
2521 1211 2699 1273 Maias
2742 1211 2852 1271 sub
2898 1211 3040 1271 aede

478 1314 784 1379 Kastorus.
826 1313 836 1394 Ι
876 1314 1005 1375 Sor.
1044 1314 1158 1375 adf.
1192 1315 1259 1375 Α.
1291 1314 1543 1376 Manlius
1573 1316 1640 1376 Α.
1673 1316 1738 1390 f„
1786 1317 1919 1377 Sex.
1952 1316 2132 1377 lulius
2166 1359 2182 1375 .
2213 1359 2230 1377 .
2261 1360 2309 1389 .‚
2356 1314 2421 1374 L.
2455 1313 2790 1376 Postumius
2835 1314 2894 1374 S.
2938 1314 2979 1374 f.
3032 1310 3040 1392 Ι

648 1416 819 1489 Quod
865 1415 1180 1478 Teiburtes
1223 1415 1446 1495 v(erba)
1493 1418 1763 1494 f(eoistis)
1807 1417 2141 1496 quibusque
2185 1417 2258 1476 de
2302 1416 2482 1476 rebus
2525 1434 2628 1477 vos
2671 1415 3041 1496 purgavistiS‚

479 1537 545 1580 oa
590 1527 831 1580 senatus
869 1525 880 1598 Ι
920 1517 1183 1579 animum
1229 1517 1482 1580 advortit
1525 1519 1603 1579 ita
1650 1520 1770 1581 utei
1815 1538 2063 1599 aequom
2111 1519 2221 1580 fuit
2249 1551 2334 1563 —-
2371 1535 2598 1597 nosque
2643 1534 2707 1577 ea
2753 1517 2831 1577 ita
2874 1516 3041 1577 audi-

407 1630 436 1681 5
478 1639 751 1683 voramus
790 1626 801 1701 Ι
839 1628 907 1681 ut
935 1638 1036 1682 vos
1065 1620 1358 1682 deixsistis
1386 1620 1588 1683 vobeis
1620 1621 1887 1682 nontiata
1913 1639 2170 1682 esse—t
2205 1639 2269 1681 oa
2297 1639 2407 1681 nos
2437 1620 2701 1680 animum
2733 1627 3002 1679 nostrum
3030 1616 3036 1698 Ι

481 1741 603 1784 non
637 1722 1102 1784 indoucebamus
1148 1723 1225 1783 ita
1258 1723 1409 1783 faota
1441 1742 1590 1797 esse,
1633 1731 1950 1804 propterea
1997 1722 2155 1801 quod
2193 1722 2505 1795 scibamus‚
2548 1720 2557 1794 Ι
2597 1739 2663 1782 ea
2694 1740 2798 1782 vos
2828 1720 3040 1781 merito

479 1834 686 1886 nostro
733 1826 927 1886 facere
973 1843 1094 1885 uon
1128 1824 1410 1903 potuisse,
1458 1843 1652 1903 neque
1695 1844 1799 1886 vos
1844 1825 2057 1904 dignos
2087 1842 2215 1886 esse
2254 1822 2264 1905 Ι
2305 1824 2440 1902 quei
2487 1842 2555 1885 ea
2597 1822 2884 1896 faceretiS‚
2935 1841 3040 1882 ne·

482 1944 598 2005 que
642 1927 699 1986 id
729 1926 933 1987 vobeis
980 1943 1175 2004 neque
1219 1924 1303 1985 rei
1351 1925 1622 2005 poplioae
1668 1935 1899 1987 vostrae
1936 1924 1948 2008 Ι
1988 1926 2147 1988 oitile
2194 1944 2321 1987 esse
2351 1926 2578 2000 facere3
2624 1934 2683 1987 et
2726 1936 3038 2005 postquam

478 2036 671 2090 vostra
716 2025 892 2088 verba
936 2035 1180 2089 senatus
1223 2026 1471 2100 audivit,
1525 2028 1534 2107 Ι
1587 2036 1753 2089 tanto
1798 2028 1985 2107 magis
2029 2027 2291 2089 animum
2351 2036 2618 2088 nostrum
2665 2027 3042 2088 indouoimus

376 2135 434 2187 10
474 2129 579 2207 (ita
634 2128 754 2190 utei
811 2138 950 2190 ante
1002 2130 1011 2205 Ι
1063 2127 1534 2207 arbitrabamur),
1602 2130 1674 2190 de
1733 2122 1874 2191 oieis
1929 2130 2109 2191 rebus
2166 2131 2229 2191 af
2278 2129 2479 2191 vobeis
2542 2138 2852 2208 peccatum
2914 2147 3038 2188 non

478 2249 624 2292 esse.
664 2233 674 2307 Ι
714 2228 1011 2307 Quonque
1056 2230 1128 2291 de
1175 2229 1316 2291 eieis
1361 2229 1540 2292 rebus
1583 2232 2132 2318 senatuei'purgati
2178 2231 2338 2305 estis,
2394 2230 2709 2304 credimus,
2767 2228 3032 2309 vosque}

477 2331 740 2393 animum
797 2340 1061 2393 vostrum
1118 2331 1443 2394 indoucere
1502 2342 1766 2412 oportet,
1828 2335 1967 2395 item
2024 2352 2126 2394 vos
2183 2332 2405 2412 populo
2446 2330 2458 2410 Ι
2506 2331 2774 2393 Romano
2818 2349 3041 2413 purga-

478 2444 573 2495 tos
617 2434 766 2494 fore.

652 2531 848 2584 Tibure
882 2548 994 2598 rap.
1034 2533 1219 2583 tabula
1254 2534 1472 2594 ahenea,
1521 2547 1666 2583 nunc
1704 2533 1838 2584 latet
1875 2535 1931 2596 (l
1960 2535 2069 2587 407.
2106 2533 2241 2585 XIV
2265 2535 2444 2597 3384).
2522 2534 2749 2585 Videtur
2784 2549 2892 2583 aue
2927 2548 3043 2582 sae-

475 2618 589 2669 culi
630 2634 683 2669 u.
720 2634 763 2669 o.
800 2619 943 2668 sexti
977 2620 1257 2681 exennia,-
1307 2618 1367 2669 L.
1407 2616 1686 2669 Cornelius
1726 2618 1816 2670 Cn.
1852 2617 1896 2679 s.
1929 2624 2154 2686 praetor
2196 2616 2429 2679 sortasse
2473 2622 2520 2668 is
2556 2622 2651 2685 qui
2696 2617 2885 2669 consul
2931 2614 3042 2676 fuit

480 2707 655 2756 a.598
691 2702 790 2766 (cs.
824 2703 959 2755 XIV
986 2704 1020 2754 l.
1048 2709 1134 2768 c.).
1205 2704 1307 2754 Hic
1342 2720 1550 2770 quoque
1597 2721 1705 2756 non
1754 2707 2005 2756 habemus
2050 2708 2322 2770 integrum
2357 2703 2905 2767 senatusconsultum,
2951 2703 3046 2751 sed

468 2791 801 2856 principium
839 2804 957 2840 cum
980 2805 1231 2856 responso
1268 2789 1393 2840 dato
1424 2787 1737 2841 Tiburtinis.
1798 2787 2106 2840 Tiburtinos
2139 2806 2201 2841 eo
2239 2795 2473 2855 tempore
2498 2788 2752 2840 Romanis
2773 2792 3043 2854 suspectos

474 2869 646 2931 fuisso
679 2880 730 2924 et
763 2874 914 2939 apud
944 2880 1188 2927 senatum
1226 2875 1493 2940 legatione
1525 2877 1690 2925 mina
1725 2890 1781 2925 se
1811 2878 2153 2940 pur-gavisu,
2198 2875 2332 2925 alibi
2366 2889 2474 2924 non
2512 2874 2769 2925 traditur.

1391 3147 1621 3219 Tituli
1672 3144 2116 3220 Mummiam.

20 3282 521 3386 wymssffi·
648 3275 740 3344 20
1317 3280 1382 3341 L.
1429 3282 1671 3342 Mummi
1719 3281 1784 3341 L.
1832 3281 1872 3341 f.
1918 3297 2040 3341 eos,

3 3461 6 3462 γ
40 3369 490 3424 j--ae-
930 3382 1103 3443 Duot.
1144 3378 1155 3464 Ι
1193 3383 1454 3462 auspicio
1500 3383 1868 3461 imperioque
1907 3379 1918 3462 Ι
1956 3380 2084 3442 eius
2125 3376 2339 3439 Achaia
2385 3385 2557 3456 capt„

932 3483 1177 3545 Corinto
1216 3481 1226 3564 Ι
1265 3484 1459 3545 deleto
1504 3484 1751 3545 Romam
1796 3482 2005 3545 redieit
2041 3479 2052 3565 Ι
2090 3481 2482 3559 triumphans,

934 3585 1023 3647 Ob
1057 3586 1232 3646 hasce
1272 3585 1282 3664 Ι
1321 3604 1416 3647 res
1446 3584 1602 3647 bene
1632 3593 1827 3664 gestas
1856 3586 2013 3665 quod
2055 3583 2065 3666 Ι
2103 3585 2164 3645 in
2199 3582 2352 3644 bello
2383 3589 2636 3653 voverat,
2676 3577 2686 3660 Ι

929 3687 1086 3748 hano
1127 3687 1331 3748 aedem
1376 3697 1436 3749 ot
1476 3687 1650 3767 signu
1689 3685 1699 3769 Ι
1741 3686 2015 3749 Herculis
2057 3685 2311 3747 Victoris
2350 3682 2362 3765 Ι

1326 3790 1649 3871 imperator
1691 3790 1942 3851 dedicat.

651 3888 864 3955 Romae,
901 3889 1084 3939 tabula
1110 3889 1307 3954 lapidis
1336 3889 1609 3940 Tiburtini
1630 3906 1742 3956 rap.
1769 3893 1828 3940 in
1852 3893 2032 3940 monto
2057 3887 2234 3940 Caelio
2261 3900 2403 3937 anno
2428 3884 2569 3946 4786,
2604 3897 2748 3933 nuno
2783 3885 2842 3932 in
2865 3897 3044 3934 museo

482 3975 748 4027 Vaticano
774 3974 961 4037 (1344.
1001 3974 1235 4037 V1334,·
1268 3973 1472 4025 misem
1496 3976 1601 4027 tab.
1626 3974 1745 4037 LI).
1771 4002 1834 4011 —
1863 3973 1924 4024 L.
1950 3973 2239 4024 Mummius
2261 3986 2365 4021 cos.
2391 3966 2504 4030 fuit
2524 3986 2575 4020 a.
2597 3969 2711 4033 608,
2746 3968 3045 4033 triumpha-

480 4062 561 4110 vit
583 4076 633 4113 a.
651 4061 762 4111 609.
781 4087 848 4097 -
873 4059 927 4110 V
924 4075 1090 4124 ersus,
1115 4075 1245 4125 quoe
1270 4058 1557 4110 Saturnios
1581 4075 1691 4110 esso
1707 4061 1988 4126 perspexit
2011 4057 2294 4119 Mar-inim,
2319 4054 2712 4106 ordinaverunt
2729 4051 3047 4103 Riuchelim

483 4159 659 4210 opusc.
681 4146 730 4207 4,
752 4145 818 4195 84
854 4148 906 4194 ot
933 4144 1121 4210 paullo
1157 4145 1321 4195 aliter
1343 4144 1633 4195 Buecheler
1654 4143 1768 4197 ind.
1793 4142 1957 4194 schol.
1981 4143 2154 4193 Bona.
2177 4140 2303 4192 4876
2327 4145 2455 4191 aest.
2478 4142 2584 4205 μδ
2609 4154 2660 4189 n.
2680 4139 2733 4190 2.
2769 4166 2836 4176 —
2871 4138 3046 4188 Huius

479 4228 681 4279 similes
715 4228 926 4279 tabulas
961 4245 995 4279 a
1029 4230 1528 4294 triumphatoribus·
1550 4231 1609 4278 in
1646 4229 1868 4279 aedibus
1901 4229 2072 4278 saeris
2105 4225 2250 4288 fisca:
2285 4227 2586 4276 memorant
2618 4224 2821 4274 Atilius
2843 4221 3044 4273 Fortu-

480 4317 737 4365 natianus
773 4316 883 4380 (ap.
922 4312 1037 4365 Keil
1073 4313 1306 4366 Gramm.
1341 4313 1460 4365 Lat.
1494 4315 1525 4364 6
1553 4328 1610 4379 p.
1648 4314 1780 4376 293)
1824 4317 1878 4362 at
1911 4312 2027 4365 Liv.
2062 4314 2141 4375 40,
2172 4312 2260 4362 52.
2296 4310 2375 4372 44,
2410 4311 2496 4360 28.
2534 4336 2600 4346 -
2648 4307 2729 4359 De
2775 4307 2906 4358 aede
2935 4308 3047 4356 sive

412 4433 421 4440 -
481 4397 726 4449 aedicula
763 4399 1008 4449 Herculis
1043 4414 1076 4449 a
1112 4399 1367 4450 Mummio
1405 4397 1648 4448 dedicata
1687 4395 1759 4457 cs.
1796 4397 2002 4448 Jordan
2039 4397 2216 4447 Herm,
2252 4396 2355 4445 vol.
2380 4395 2439 4446 44
2471 4410 2527 4460 p.
2551 4394 2670 4445 372.

650 4532 730 4601 21
810 4579 825 4596 .
859 4581 873 4595 .
908 4580 922 4595 .
955 4554 1074 4597 coS.
1121 4536 1348 4598 Achaea
1396 4543 1584 4617 capta.

651 4637 715 4687 In
754 4651 889 4701 agro
927 4634 1145 4687 Curium
1183 4635 1507 4687 Sabinorum
1544 4632 1649 4697 (IX
1676 4635 1804 4685 4966
1840 4633 1912 4684 ad
1944 4631 2103 4694 fidem
2136 4635 2299 4683 unius
2335 4634 2578 4683 auctoris
2613 4648 2750 4683 saec.
2785 4630 2950 4695 XVI).

493 4733 609 4741 —
