3432 5387
491 372 610 431 180
1341 332 1350 343 .
1638 370 1819 440 Caput
1852 370 1923 424 H.

648 542 779 612 810
1106 544 1201 604 dd.
1240 564 1343 604 nn.
1384 543 1585 604 Leone
1997 542 2244 604 Caecina
2290 542 2431 603 Deci

1107 654 1164 706 et
1209 645 1317 706 lul.
1379 645 1584 706 Maiori
1998 662 2065 705 us
2180 642 2428 705 Basilius

1103 748 1590 827 ano¹pp.Aagg.²
1998 765 2058 825 p.
2124 745 2208 824 p.³
2272 745 2428 805 fecit.

653 847 905 908 Venetiis,
943 847 1136 897 tabella
1173 863 1337 897 aenea
1372 845 1650 897 versiculis
1687 851 1914 909 argento
1949 847 2281 908 incrustat&
2324 846 2478 894 cuius
2506 847 2724 908 generis
2758 845 2987 896 tabellae
3021 864 3055 896 a

486 931 762 983 nonnullis
817 932 1079 982 habentur
1137 934 1337 996 exagio
1382 931 1704 991 solidorum,
1763 929 1857 979 sed
1906 945 1992 979 res
2038 933 2116 978 est
2161 931 2367 979 incerta
2413 927 2513 995 (cs.
2559 928 2823 994 Borghesi
2871 946 2994 996 opp.
3028 933 3059 982 7

481 1034 534 1084 p.
569 1016 700 1077 29st
740 1016 805 1066 de
839 1015 991 1066 Rossi
1025 1016 1202 1067 Mittlz.
1251 1017 1302 1067 d.
1337 1021 1472 1068 ro'm.
1508 1015 1639 1066 Inst.
1672 1015 1803 1066 4886
1837 1029 1896 1079 p.
1932 1012 2106 1081 125J6)
2147 1013 2228 1079 (V
2255 1014 2411 1078 8449,
2447 1014 2585 1064 vidit
2619 1013 2954 1081 Mommsen).
2990 1045 3057 1053 —

491 1105 538 1167 1)
558 1102 664 1153 Leo
683 1104 971 1167 imperavit
992 1100 1458 1167 Constantinopoli
1477 1102 1540 1150 ab
1561 1117 1610 1151 a.
1630 1100 1725 1150 457
1750 1098 1823 1150 ad
1838 1115 1888 1149 a.
1904 1099 2019 1158 475,
2046 1099 2383 1150 Maiorianus
2408 1103 2465 1150 in
2486 1100 2766 1151 Occidente
2789 1101 2855 1150 ab
2887 1118 2937 1151 a.
2963 1102 3061 1151 457

484 1188 558 1238 ad
591 1206 639 1239 a.
674 1187 783 1238 464.
821 1216 888 1225 —
924 1188 977 1249 2)
1013 1188 1290 1252 Perpetuis
1323 1187 1600 1250 Augustis.
1626 1212 1695 1222 —
1721 1187 1774 1250 3)
1810 1184 2124 1246 Praefectus
2150 1189 2431 1251 praetorio
2467 1185 2704 1237 Basilius
2736 1183 2853 1245 fuit
2887 1202 2935 1235 a.
2960 1188 3061 1237 458

487 1273 701 1338 (novell.
726 1272 1016 1323 Maiorian.
1042 1273 1094 1323 2.
1117 1273 1163 1323 6.
1187 1271 1260 1338 7).
1334 1271 1475 1322 Idem
1512 1271 1699 1322 consul
1731 1267 1844 1329 suit
1880 1287 1930 1321 a.
1966 1272 2082 1335 465,
2116 1270 2358 1335 idemque
2393 1275 2724 1321 memoratur
2759 1287 2792 1321 a
2830 1271 3057 1322 Sidonio

483 1358 794 1423 Apollinari
829 1373 908 1422 ep.
944 1357 991 1421 4,
1015 1359 1064 1408 9.

651 1490 774 1561 811
979 1493 1149 1554 salvis
1249 1492 1343 1553 dd.
1438 1512 1540 1552 nn.
1954 1491 2149 1553 Celius
2197 1487 2509 1576 Aconiu[s]

978 1596 1179 1656 Leone
1256 1604 1315 1655 et
1383 1593 1552 1654 Libio
1963 1592 2332 1654 Probianus²
2377 1612 2541 1673 prae.

979 1697 1229 1757 Seve1·o¹
1268 1714 1369 1776 pp.
1401 1697 1552 1775 Aug.
1962 1703 2149 1776 praet.
2197 1695 2354 1756 fecit.

663 1796 873 1849 Tabella
910 1797 1141 1846 eiusdem
1175 1799 1407 1861 generis,
1441 1795 1635 1846 Romae
1671 1801 1732 1845 ut
1765 1796 1977 1845 videtur
2013 1798 2072 1846 in
2101 1795 2318 1845 aedibus
2342 1794 2658 1845 Barberinis
2683 1793 2898 1859 (Maffci
2922 1810 3061 1847 mus.

489 1884 682 1934 Veron.
717 1897 773 1947 p.
806 1885 923 1945 254,
947 1883 1022 1949 6).
1068 1911 1131 1920 —
1187 1884 1236 1943 1)
1270 1880 1460 1932 Livius
1503 1880 1732 1931 Severus
1774 1883 2025 1944 regnavit
2068 1896 2118 1930 a.
2152 1878 2426 1931 464-465,
2471 1909 2539 1918 -
2590 1881 2638 1943 2)
2676 1879 2906 1931 Videtur
2954 1896 3065 1930 esse

486 1969 783 2018 Probianus
821 1967 1009 2018 consul
1043 1966 1159 2017 ord.
1196 1984 1245 2016 a.
1281 1966 1371 2016 474
1388 1985 1409 2027 ,·
1442 1963 1514 2025 cf'.
1553 1970 1712 2014 etiam
1750 1965 1965 2015 Bruzza
2001 1964 2141 2015 Bull.
2177 1980 2311 2018 com.
2348 1966 2477 2016 4878
2505 1981 2561 2030 p.
2588 1965 2701 2018 437.

658 2100 790 2172 812
1204 2104 1374 2165 salvis
1488 2104 1582 2164 dd.
1936 2101 2111 2162 Publi
2144 2148 2157 2162 .
2191 2147 2207 2165 .
2239 2103 2281 2163 .²

1201 2225 1305 2266 nn.
1377 2204 1580 2265 Leone
1933 2204 2131 2265 Rufini
2166 2250 2179 2264 .
2216 2250 2230 2264 .
2263 2251 2278 2266 .

1198 2308 1575 2368 etAntemio¹
1932 2307 2121 2367 Valeri
2164 2353 2178 2367 .
2213 2353 2227 2366 .
2262 2353 2275 2367 .

659 2406 877 2458 Tabella
913 2406 1143 2456 eiusdem
1175 2410 1418 2470 generis,
1471 2407 1600 2457 olim
1637 2409 1694 2456 in
1734 2406 2017 2469 Hungaria
2056 2410 2113 2455 in
2149 2422 2325 2457 museo
2370 2406 2591 2475 W'czay
2629 2406 2788 2473 (Mus.
2830 2406 3063 2475 Wiczay

487 2493 593 2544 vol.
633 2492 690 2542 ΙΙ
720 2492 890 2559 add).
927 2519 992 2528 —
1033 2494 1079 2555 1)
1125 2492 1439 2542 Anthemius
1483 2494 1736 2556 regnavit
1780 2492 1844 2541 ab
1882 2507 1931 2543 a.
1966 2493 2059 2542 467
2106 2491 2179 2541 ad
2211 2508 2259 2542 a.
2295 2492 2410 2543 472.
2455 2520 2521 2529 -
2566 2494 2616 2556 2)
2652 2490 2776 2542 Non
2820 2494 3065 2556 integros

488 2594 597 2627 esse
633 2579 729 2628 Itos
763 2577 1068 2642 versiculos,
1105 2593 1425 2643 quamquam
1461 2582 1523 2627 ut
1558 2579 1763 2641 integri
1797 2577 2131 2640 eaehibentur,
2167 2583 2408 2643 apparet.

655 2712 784 2782 813
1194 2715 1364 2776 salvis
1388 2715 1607 2776 dd.nn.
1947 2715 2216 2776 Plotinus
2273 2715 2393 2776 Eus

1200 2826 1259 2877 et
1410 2817 1618 2896 patrici
1952 2817 2169 2879 tathius
2225 2835 2277 2875 v.
2335 2836 2387 2878 c.

1202 2938 1236 2978 o
1288 2917 1613 2978 Ricimere¹
1955 2917 2086 2978 urb.
2118 2937 2207 2998 pr.
2234 2919 2388 2979 fecit.

664 3016 876 3068 Tabella
913 3035 1078 3068 aenea
1115 3020 1346 3069 eiusdem
1378 3022 1612 3085 generis,
1648 3017 1876 3082 Neapoli
1907 3020 2052 3067 venit
2089 3017 2398 3070 Berolinum
2434 3021 2493 3069 in
2529 3021 3061 3088 nummoplzylacium

487 3100 562 3166 (X
580 3103 730 3165 8072,
753 3104 817 3163 4,·
851 3102 899 3153 J.
924 3102 1288 3154 Friedllinder
1311 3104 1573 3157 Zeitscltr.
1606 3102 1649 3164 s.
1675 3102 1937 3154 Numism.
1961 3106 2010 3164 9,
2035 3103 2167 3153 4882
2197 3119 2252 3168 p.
2277 3103 2352 3170 4).
2388 3132 2453 3141 -
2496 3107 2545 3168 1)
2572 3104 2803 3156 Ricimer
2838 3108 3065 3159 decessit

486 3203 537 3237 a.
573 3187 686 3247 472,
720 3187 908 3251 paullo
937 3191 1224 3253 postquam
1259 3189 1542 3240 Anthemio
1577 3187 1926 3238 substituerat
1964 3188 2285 3254 Glycerium.

657 3322 786 3391 814
937 3385 948 3396 ,
1204 3324 1358 3385 salvo
1435 3326 1488 3385 d.
1573 3345 1632 3385 n.
1984 3325 2348 3386 Audaxv.c.²

1199 3426 1347 3487 Iulio
1371 3426 1627 3506 Nepote¹
1979 3428 2313 3505 praefectus

1200 3547 1300 3608 pp.
1347 3529 1495 3607 Aug.
1976 3527 2107 3588 urb.
2178 3530 2315 3591 fecit

669 3626 883 3678 Tabella
921 3627 1150 3678 eiusdem
1180 3631 1413 3694 generis,
1449 3628 1708 3694 Belgradi
1742 3643 1853 3692 rep.
1894 3627 2001 3693 (ΙΙΙ
2032 3629 2228 3695 6555),·
2260 3631 2450 3680 similis
2486 3631 2613 3680 olim
2649 3631 2832 3680 extitit
2865 3629 3062 3681 Romae

491 3712 662 3777 (Doni
696 3712 811 3773 402,
849 3713 944 3763 456
980 3729 1050 3763 esc
1082 3714 1288 3764 schedis
1326 3713 1446 3764 bibl.
1487 3712 1641 3775 Vat.;
1677 3712 1999 3763 Sirmondus
2033 3713 2106 3763 ad
2139 3713 2355 3765 Sidonii
2389 3731 2467 3780 ep.
2506 3718 2556 3776 8,
2586 3714 2662 3781 7).
2695 3743 2766 3753 -
2803 3719 2849 3777 1)
2886 3714 3063 3780 Nepos

486 3798 735 3861 regnavit
770 3812 819 3847 a.
853 3797 962 3849 474.
1011 3826 1078 3834 -
1132 3800 1183 3861 2)
1216 3799 1305 3849 Ad
1351 3801 1492 3849 hunc
1527 3798 1801 3848 Audacem
1846 3796 1973 3846 data
2021 3802 2099 3847 est
2133 3799 2358 3865 epistula
2404 3799 2622 3851 Sidonii
2643 3802 2693 3864 8,
2715 3799 2761 3851 7.
2800 3800 3066 3851 Castalius

487 3880 750 3931 Innocens
774 3881 976 3932 Audax
1015 3886 1109 3948 qui
1142 3885 1201 3933 in
1233 3881 1582 3948 praefectura
1619 3885 1770 3933 urbis
1788 3883 1973 3947 posuit
2003 3883 2220 3933 titulum
2247 3884 2490 3948 714663,
2527 3900 2655 3935 num
2681 3884 2822 3935 idem
2856 3887 2944 3948 sit,
2981 3888 3065 3935 in-

490 3968 710 4016 certum.

654 4148 783 4220 815
851 4152 908 4214 b.
955 4155 995 4213 s.
1043 4154 1113 4216 s.¹
1153 4150 1163 4234 Ι
1202 4154 1297 4214 dd.
1348 4174 1451 4216 nn.
1500 4155 1719 4217 Leonis
1763 4165 1822 4216 et
1857 4156 1869 4237 Ι
1908 4157 2184 4217 Anthemi
2228 4157 2443 4237 Augg.²

665 4253 998 4318 Tarracone,
1043 4254 1226 4304 tabula
1278 4270 1578 4305 marmorea
1629 4254 1712 4320 (11
1741 4257 1868 4308 4409
1904 4257 2068 4308 deser.
2108 4257 2397 4325 Huebner).
2432 4287 2502 4296 —
2539 4261 2588 4323 1)
2622 4257 2866 4308 Incertae
2897 4259 3066 4320 signi-

490 4337 765 4401 ficationis
800 4338 1012 4389 litterae
1023 4357 1044 4401 ,-
1078 4341 1273 4389 bonum
1308 4336 1537 4404 factum,
1569 4339 1752 4405 saluti,
1781 4345 2069 4407 proposuit
2105 4343 2364 4394 Huebner.
2404 4374 2463 4384 -
2505 4345 2556 4407 2)
2591 4344 2657 4395 A.
2680 4343 2957 4394 467-472.

659 4607 786 4677 816
852 4612 908 4672 d.
955 4631 1015 4673 n.
1063 4612 1332 4674 Placidus
1365 4613 1812 4676 Valentinianus
1856 4615 1990 4734 pius
2034 4616 2171 4677 felix
2203 4617 2352 4697 Aug.
2401 4616 2690 4679 dedicavit
2734 4619 2909 4680 aedes
2952 4618 3061 4681 sci.

491 4729 559 4773 ac
605 4709 919 4775 beatissimi
968 4715 1238 4794 martyris
1283 4715 1627 4776 Laurentii.¹
