3432 5387
579 396 703 455 402
1706 392 1888 461 Caput
1922 390 2016 446 IX.

582 568 840 633 caelibes
886 579 1111 662 essentq,
1168 586 1302 629 cum
1349 568 1419 629 iis
1463 586 1611 646 quas
1656 578 1859 645 postea
1904 567 2210 628 duxissent
2254 565 2554 625 dumtaxat
2596 564 2813 641 singuli
2863 565 3167 644 singulas.

586 675 654 732 A.
703 671 758 732 d.
804 670 965 731 Xllll
1013 671 1127 731 kal.
1177 670 1351 731 Febr.
1396 668 1492 730 M:
1539 668 1788 730 Laberio
1835 668 2086 729 Maximo
2132 666 2203 736 11,
2250 667 2321 738 Q.
2360 667 2535 727 Glitio
2581 666 2854 744 Agricola
2902 666 2958 728 11
3004 670 3172 729 cos?

758 773 882 834 alae
925 773 952 832 1
1016 773 1464 833 Pannoniorum
1508 771 1896 850 Tampianae‚
1952 771 2047 832 cui
2104 779 2300 849 praest
2346 769 2407 829 C.
2457 768 2717 829 Valerius
2763 767 3002 839 Celsus,
3053 770 3167 829 de-

585 875 855 938 curioni:
900 875 1172 936 Reburro
1218 873 1422 935 Severi
1467 873 1528 946 12,
1573 873 1819 952 Hispan.

753 977 1129 1056 Descriptum
1175 985 1234 1036 et
1274 974 1645 1052 recognitum
1693 993 1764 1035 ex
1809 973 2006 1034 tabula
2051 991 2263 1046 aenea,
2323 990 2476 1051 quae
2521 974 2630 1032 fixa
2677 981 2765 1033 est
2810 972 3043 1033 Romae
3097 974 3162 1033 in

583 1098 758 1140 muro
803 1089 940 1159 post
982 1077 1267 1159 templum
1319 1072 1466 1161 [divi
1494 1071 1671 1160 AJug.
1716 1076 1787 1135 ad
1821 1076 2166 1136 Minervam.
2254 1073 2326 1144 Q.
2373 1073 2616 1152 Pompei
2664 1073 2906 1133 Homeri
2959 1107 3035 1117 —
3096 1076 3164 1135 C.

588 1181 726 1260 Papi
786 1179 1098 1241 Eusebetis
1140 1214 1226 1225 —
1271 1179 1340 1239 T.
1399 1177 1557 1238 Flavi
1616 1177 1873 1239 Secundi
1922 1212 2001 1221 —
2050 1177 2112 1237 P.
2173 1176 2334 1239 Cauli
2394 1175 2594 1237 Vitalis
2639 1211 2713 1220 —
2768 1175 2830 1237 C.
2893 1176 3163 1238 Vettieni

585 1282 831 1344 Modesti
881 1315 955 1326 -
1007 1283 1070 1343 P.
1117 1282 1277 1342 Atini
1322 1279 1611 1341 Hedonici
1657 1315 1742 1324 —
1785 1278 1873 1340 Ti.
1906 1278 2108 1340 Claudi
2156 1278 2484 1338 Menandri.

752 1382 1063 1450 Dlptyclton
1099 1396 1346 1441 aeneum,
1391 1396 1500 1444 rep.
1541 1381 1599 1428 in
1635 1379 1838 1442 Anglia
1876 1379 1992 1429 loco
2029 1379 2171 1430 dicto
2209 1377 2417 1444 Melpes
2450 1380 2596 1428 inter
2633 1378 2876 1441 Cnosia,
2913 1380 3009 1427 ubi
3039 1376 3165 1438 fuit

584 1467 747 1531 Deva,
783 1471 836 1517 et
869 1467 1251 1534 Sltrewsbury,
1298 1469 1375 1516 est
1412 1463 1671 1515 Londinii
1706 1463 1815 1523 (ΙΙΙ
1847 1480 1899 1529 p.
1934 1465 2059 1525 864;
2096 1462 2200 1513 VII
2232 1464 2405 1527 4195).
2442 1491 2507 1500 —
2548 1465 2597 1525 1)
2634 1463 2698 1514 A.
2733 1462 2849 1514 103.
2886 1491 2957 1500 —-
3005 1464 3057 1524 2)
3096 1462 3161 1513 111

584 1551 708 1617 (pro
733 1551 840 1618 llll)
875 1554 1146 1618 scriptura
1172 1553 1431 1611 exterior,
1465 1551 1644 1598 minus
1678 1552 1823 1599 recte
1856 1552 1919 1598 ut
1941 1549 2184 1610 videtum
2222 1545 2292 1608 cl'.
2330 1548 2462 1612 Eph.
2500 1563 2579 1611 ep.
2612 1550 2648 1597 ὅ
2677 1563 2732 1611 μ.
2767 1549 2847 1598 99.
2876 1575 2940 1585 -
2982 1549 3035 1611 3)
3059 1547 3161 1597 Ea:

582 1639 666 1687 liis
691 1637 792 1687 alis
808 1639 1217 1702 cohortibusque
1227 1636 1514 1701 pleraeque
1536 1634 1698 1683 etiam
1720 1638 1778 1682 in
1803 1633 1928 1684 aliis
1945 1634 2388 1698 inscriptionibus
2403 1633 2724 1683 Britanniae
2740 1636 2988 1696 repertae
3009 1638 3160 1683 sunt.

585 1722 825 1774 Ceterum
849 1738 966 1775 cum
991 1725 1052 1773 in
1076 1723 1453 1774 constitutione
1477 1719 1612 1767 anni
1633 1716 1730 1768 424
1758 1717 1869 1781 (III
1881 1733 1937 1783 p.
1955 1716 2082 1781 873)
2107 1720 2485 1767 recenseantur
2505 1718 2566 1766 in
2594 1716 2880 1767 Britannia
2907 1717 3031 1767 atae
3051 1734 3158 1768 sea:

584 1810 931 1873 cohortesque
967 1810 1168 1872 viginti
1189 1822 1317 1867 una,
1342 1805 1466 1866 fieri
1486 1806 1673 1867 potest.
1706 1807 1769 1851 ut
1793 1803 1881 1852 liic
1905 1802 2192 1853 habeamus
2216 1802 2495 1851 dimidiam
2519 1806 2729 1852 tantum
2748 1806 2961 1868 partem
2988 1806 3157 1853 autes·-

583 1896 779 1945 liorum
815 1896 1084 1944 exercitus
1116 1892 1426 1942 Britannici
1435 1907 1456 1951 ,·
1497 1889 1749 1937 similiter
1796 1888 2205 1937 constitutiones
2241 1884 2308 1937 Ν.
2342 1887 2471 1939 4099
2507 1893 2558 1937 et
2590 1889 2724 1939 20⁰0
2758 1888 2832 1937 ad
2867 1887 3156 1938 dimidians

583 1984 790 2030 mnium
822 1982 1030 2044 partem
1068 1976 1400 2027 auxiliorum
1438 1972 1667 2022 Moesiae
1691 1971 1975 2033 inferioris
1994 1974 2391 2036 pertinuerunt.
2418 2000 2478 2009 -—
2508 1974 2558 2034 4)
2582 1972 2720 2022 Huic
2744 1971 2919 2037 legato
2941 1976 3156 2038 possem

583 2081 690 2115 esse
727 2064 939 2114 videtur
972 2062 1164 2113 titulus
1204 2076 1369 2125 supra
1406 2056 1473 2108 N.
1508 2058 1661 2109 1032.
1700 2086 1763 2093 --
1801 2060 1852 2120 5)
1890 2057 1951 2106 19
1986 2056 2104 2110 Ian.
2138 2055 2238 2108 403
2271 2058 2358 2116 (eo
2395 2071 2537 2107 anno
2587 2057 2828 2107 consules
2870 2056 3156 2107 ordinarii

582 2152 878 2201 traduntur
894 2145 1063 2208 fuisse
1083 2149 1209 2212 imp.
1237 2143 1504 2195 Traianus
1527 2134 1775 2207 quintum
1800 2147 1849 2191 et
1870 2140 2139 2190 Maximus
2159 2143 2381 2204 iterum5
2412 2140 2645 2192 Traiano
2670 2141 2847 2192 idibus
2867 2141 3152 2192 Ianuariis

581 2237 892 2285 successisse
935 2230 1251 2295 Agricolam
1310 2230 1410 2278 hoc
1468 2228 1704 2292 diploma
1762 2228 1936 2286 docet,
1997 2226 2060 2276 de
2111 2225 2272 2276 Glitio
2328 2227 2498 2277 Atilio
2547 2226 2807 2291 Agricola
2856 2224 2929 2285 cll
2975 2242 3150 2291 supra

583 2319 649 2371 Ν.
674 2318 845 2381 1021).

752 2449 928 2520 2002
993 2450 1135 2529 imp.
1182 2448 1392 2509 Caesar
1449 2449 1565 2509 divi
1621 2408 1846 2508 Nervae
1906 2448 1945 2507 f.
1971 2408 2179 2507 Nerva
2225 2448 2515 2509 Traianus
2474 2451 2860 2543 —Augustus
2904 2450 3145 2510 Germa-

586 2555 755 2616 nicus
802 2554 1067 2628 Dacicus,
1130 2551 1400 2632 pontifex
1445 2550 1765 2623 maximus,
1823 2550 2102 2611 tribunic.
2152 2559 2420 2630 potestat.
2467 2551 2611 2621 Xl¹,
2670 2552 2812 2631 imp.
2864 2552 2967 2624 v1,
3022 2570 3142 2612 cos.

577 2642 661 2732 V,
708 2676 765 2737 p.
813 2676 906 2738 p.,
953 2654 1252 2736 equitibus
1296 2662 1355 2715 et
1400 2652 1718 2734 peditibuS,
1766 2652 1866 2732 qui
1914 2652 2313 2714 militaverunt
2356 2654 2416 2715 in
2466 2653 2572 2715 alis
2617 2661 2897 2733 quattuor
2941 2662 3000 2714 et
3042 2673 3142 2714 co·

582 2761 855 2822 hortibus
900 2760 1104 2820 decem
1151 2768 1210 2819 et
1253 2775 1470 2832 unam,
1533 2774 1685 2836 quae
1732 2753 2106 2834 appellantur
2150 2758 2222 2833 (1)
2255 2741 2306 2816 T
2341 2756 2740 2835 Hispanorum
2785 2757 3041 2817 Auriana
3087 2768 3144 2816 et

580 2866 653 2941 (2)
683 2848 735 2924 T
772 2867 1031 2942 Augusta
1078 2861 1370 2921 Thracum
1418 2870 1476 2919 et
1520 2859 1593 2934 (3)
1624 2843 1675 2917 T
1711 2855 2140 2952 singularium
2148 2876 2199 2917 c.
2247 2858 2316 2918 R.
2364 2877 2422 2936 p.
2470 2861 2510 2918 1.
2558 2869 2617 2918 et
2664 2860 2735 2936 (4)
2777 2858 2830 2917 11
2863 2858 3052 2919 Flavia
3084 2879 3141 2938 p.

583 2969 621 3025 1.
662 2967 794 3038 00²,
840 2973 899 3025 et
941 2964 1015 3041 (1)
1040 2947 1091 3024 T
1130 2963 1497 3023 Breucorum
1555 2970 1615 3021 et
1672 2963 1745 3035 (2)
1771 2943 1820 3017 '1'
1861 2969 1921 3021 et
1964 2962 2039 3036 (3)
2087 2958 2140 3018 11
2188 2959 2503 3019 Raetorum
2549 2969 2608 3020 et
2654 2962 2730 3038 (4)
2773 2959 2850 3020 lll
2899 2961 3140 3022 Bracar-

582 3076 1050 3145 augustanorum
1097 3073 1155 3125 et
1196 3066 1272 3140 (5)
1306 3063 1385 3123 lll
1431 3063 1725 3124 Thracum
1774 3072 1831 3122 et
1876 3063 1952 3139 (6)
1998 3062 2078 3122 111
2122 3061 2417 3121 Thracum
2465 3081 2517 3121 c.
2550 3062 2618 3122 R.
2666 3074 2725 3123 et
2769 3065 2842 3140 (7)
2893 3048 2969 3124 lTl
3015 3065 3139 3125 Bri·

581 3178 904 3229 tannorum
962 3177 1020 3226 et
1077 3166 1150 3244 (8)
1211 3165 1290 3227 lll
1338 3165 1685 3226 Batavorum
1733 3183 1812 3225 00
1871 3173 1929 3224 et
1983 3166 2056 3241 (9)
2114 3164 2223 3225 1111
2285 3163 2580 3225 Gallorum
2640 3174 2701 3225 et
2768 3166 2871 3244 (10)
2912 3150 2977 3224 V
3003 3167 3140 3227 Bra-

583 3278 1148 3348 caraugustanorum
1188 3278 1247 3328 et
1293 3268 1398 3344 (11)
1445 3266 1543 3326 Vll
1592 3266 2064 3340 Lusitanorum³,
2111 3277 2171 3327 et
2215 3277 2357 3328 sunt
2402 3267 2460 3327 in
2495 3266 2692 3327 Raetia
2729 3267 2841 3328 sub
2874 3269 2962 3329 Ti.
2996 3267 3140 3328 lulio

584 3371 895 3452 Aquilino,
942 3370 1141 3449 quinis
1187 3378 1247 3429 et
1286 3368 1508 3430 vicenis
1552 3367 1896 3448 pluribusve
1941 3367 2249 3448 stipendiis
2295 3369 2555 3429 emeritis
2598 3368 2851 3430 dimissis
2900 3370 3139 3431 honesta

582 3475 882 3548 missione,
930 3491 1181 3552 quorum
1231 3471 1472 3532 nomina
1520 3470 1851 3550 subscripta
1897 3477 2067 3529 sunt:
2114 3469 2258 3548 ipsis
2303 3469 2503 3531 liberis
2531 3473 2905 3551 posterisque
2936 3489 3137 3532 eorum

583 3577 872 3637 civitatem
918 3574 1080 3635 dedit
1123 3584 1182 3635 et
1225 3572 1553 3634 conubium
1601 3590 1735 3632 cum
1782 3570 2086 3644 uxoribus,
2134 3590 2280 3649 quas
2310 3580 2456 3634 tunc
2500 3572 2846 3635 habuissent
2891 3591 3025 3633 cum
3055 3582 3141 3632 est

584 3678 783 3739 civitas
827 3678 897 3738 iis
941 3678 1090 3748 data,
1138 3685 1239 3736 aut
1282 3675 1330 3736 si
1375 3675 1478 3753 qui
1525 3673 1776 3735 caelibes
1822 3683 2053 3747 essent,
2108 3692 2240 3734 cum
2288 3675 2358 3736 iis
2400 3694 2547 3754 quas
2591 3685 2794 3755 postea
2841 3676 3140 3736 (luxissent

583 3781 884 3840 dumtaxat
928 3777 1143 3855 singuli
1190 3776 1473 3854 singulas·
1564 3776 1661 3838 Pr.
1708 3775 1765 3835 k.
1812 3774 1921 3835 lul.
1969 3775 2030 3836 C.
2079 3775 2317 3837 Minicio
2364 3775 2672 3849 Fundana,
2721 3777 2782 3838 C.
2829 3778 3136 3840 Vettennio

581 3885 799 3941 Severo
844 3880 989 3941 cos.⁴

754 3981 877 4043 alae
922 3982 946 4042 1
992 3980 1388 4060 Hispanorum
1437 3979 1764 4052 Aurianae,
1810 3979 1903 4038 cui
1952 3990 2151 4057 praest
2197 3981 2269 4040 M.
2317 3979 2570 4042 Insteius
2616 3980 2691 4041 Μ.
2739 3981 2779 4040 s.
2825 3981 2949 4042 Pal.
2997 3982 3138 4040 Coe·

584 4085 771 4159 lenuS,
818 4102 887 4144 ex
934 4082 1204 4162 gregale:
1250 4079 1599 4160 Mogetissae
1633 4078 1941 4141 Comatulli
1987 4081 2026 4140 t'.
2061 4080 2226 4155 Boio,
2273 4092 2330 4143 et
2363 4083 2741 4144 verecundae
2773 4083 2963 4144 Casati
2995 4083 3138 4143 filiae

586 4186 751 4247 uxori
798 4186 924 4246 eius
968 4185 1263 4263 Sequan.,
1309 4192 1369 4243 et
1412 4180 1718 4241 Matrullae
1767 4181 1915 4242 filiae
1961 4184 2106 4245 eius.

753 4287 1126 4366 Descriptum
1174 4295 1232 4346 et
1276 4283 1648 4362 recognitum
1698 4302 1766 4343 ex
1815 4283 2010 4344 tabula
2057 4304 2269 4361 aenea,
2327 4305 2476 4365 quae
2523 4290 2635 4347 lixa
2681 4296 2770 4349 est
2813 4286 3036 4347 Romae
3081 4286 3136 4345 in

585 4408 753 4450 muro
812 4398 951 4467 post
1004 4389 1294 4466 templum
1339 4385 1452 4446 divi
1496 4386 1646 4464 Aug.
1703 4385 1774 4445 ad
1820 4385 2159 4452 Minervam.
2251 4387 2322 4458 Q.
2370 4389 2614 4469 Pompei
2659 4388 2905 4449 Homeri
2949 4423 3030 4433 —
3079 4387 3137 4446 1..

586 4490 733 4551 l'ulli
781 4490 1113 4550 verecundi
1157 4524 1241 4533 —
1289 4490 1349 4550 P.
1390 4487 1552 4548 Cauli
1598 4487 1800 4549 Vitalis
1844 4523 1928 4532 —
1974 4489 2036 4549 P.
2068 4490 2228 4550 Atini
2273 4491 2600 4552 Amerimni
2646 4526 2729 4534 —
2775 4490 2836 4551 C.
2873 4489 3140 4551 Tuticani

582 4592 887 4652 Saturnini
933 4626 1007 4635 —
1060 4591 1131 4662 Q.
1178 4591 1350 4670 Apidi
1395 4591 1583 4650 Thalli
1628 4625 1711 4635 —
1758 4591 1819 4652 C.
1869 4591 2118 4651 Vettieni
2165 4591 2431 4654 Modesti.

754 4691 1063 4757 Diptyclzon
1099 4705 1336 4754 aeneum,
1371 4706 1483 4755 rep.
1521 4695 1673 4741 trans
1710 4690 2018 4740 Danuvium
2052 4691 2126 4741 ad
2160 4692 2378 4742 limitem
2412 4692 2652 4757 Raetiae,
2685 4707 2856 4758 prope
2891 4689 3140 4756 oppidum

586 4775 964 4838 Weissenburg
1001 4773 1114 4839 (III
1138 4790 1193 4839 p.
1216 4775 1352 4837 867).
1378 4804 1445 4812 -—
1485 4779 1532 4838 1)
1568 4776 1633 4829 A.
1660 4776 1775 4826 407.
1799 4804 1865 4813 -·
1904 4777 1953 4840 2)
1990 4776 2079 4826 Ex
2114 4777 2197 4825 his
2232 4777 2335 4827 alis
2370 4781 2477 4826 tres
2501 4779 2661 4827 etiam
2687 4780 2876 4842 postea
2915 4773 3141 4836 fuerunt
