3432 5387
905 397 1081 453 Tituli
1113 396 1352 453 virorum
1387 396 1769 452 nonnullorum
1804 397 1861 450 in
1896 396 2094 453 litteris
2130 398 2416 453 clarorum.
2817 396 2940 457 571

391 572 687 634 avunculo,
737 573 1049 621 testamento
1094 571 1210 619 eius
1255 569 1543 635 adoptatus
1553 589 1574 632 ,·
1625 575 1784 620 antea
1839 569 2214 635 appellabatur
2258 572 2313 621 P.
2365 570 2627 621 Caecilius
2673 570 2948 622 Secundus

393 658 477 725 (V
499 659 635 711 5279
683 653 757 717 cf.
808 655 1096 707 Mommsen
1136 655 1309 706 Herm.
1342 657 1380 707 3
1419 672 1477 721 p.
1511 656 1617 722 60).
1652 684 1720 696 -
1766 656 1817 719 2)
1867 654 2062 707 Consul
2101 657 2357 720 suffectus
2399 654 2514 717 suit
2554 672 2603 707 a.
2648 656 2741 708 400
2786 656 2948 717 (Ptin.

386 758 580 810 paneg.
599 744 676 794 60.
696 742 763 792 92
772 759 794 803 ,·
817 741 922 793 Μο.
943 742 977 795 l.
999 756 1042 793 c.
1062 756 1115 806 p,
1135 742 1242 805 94).
1265 771 1323 779 -
1348 743 1397 806 3)
1416 742 1760 805 Aug-uratum
1778 745 2039 792 memorat
2057 741 2263 793 Plinius
2287 758 2365 808 ep.
2384 743 2437 806 3,
2453 745 2490 793 8
2506 756 2687 792 recens
2707 741 2947 806 adeptus,

390 843 536 878 anno
572 827 672 879 403
706 826 792 876 vel
823 826 933 879 404.
956 856 1022 864 -
1061 829 1116 888 4)
1153 827 1215 876 In
1250 828 1567 895 Bithyniam
1599 829 1793 877 missus
1828 830 1906 876 est
1945 844 1997 880 a.
2033 831 2096 876 ut
2128 828 2341 878 videtur
2373 827 2482 878 444.
2551 826 2633 876 De
2667 827 2767 876 hac
2804 826 2948 890 lega-

392 915 559 974 tione,
612 928 748 978 quae
781 910 896 973 suit
939 912 1415 973 eaetraordinaria,
1452 914 1568 977 egit
1601 910 1703 962 Mo.
1744 912 1917 965 Hem.
1952 912 1992 964 3
2020 928 2076 978 p.
2110 914 2174 964 96
2191 928 2323 978 seq„
2371 912 2596 987 Staqtsr.
2635 907 2724 962 11⁸
2754 926 2809 977 p.
2844 912 2947 962 245

387 1001 500 1049 not.
534 998 562 1048 4
602 998 692 1058 (=·
712 996 800 1047 112
840 1013 899 1063 p.
933 998 1039 1050 234
1073 1001 1187 1049 not.
1220 1000 1297 1060 5).
1367 997 1458 1048 Ex
1494 997 1652 1048 titulo
1689 997 1980 1063 Hispellate
2016 999 2120 1048 huc
2164 1001 2437 1063 pertinent
2481 1001 2675 1049 verba.-
2722 1013 2785 1049 ex
2823 1013 2864 1049 s.
2902 1011 2947 1049 e.

390 1096 482 1147 pro
522 1119 536 1133 .
572 1120 604 1136 ..
623 1118 845 1134 .....
882 1086 934 1133 et
955 1080 1198 1150 Bithynia
1226 1087 1277 1135 et
1311 1082 1513 1148 legatus
1548 1117 1820 1136 ......
1832 1101 1845 1143 3
1883 1096 2022 1147 quae
2055 1082 2316 1149 quomodo
2339 1085 2634 1149 supplenda
2657 1085 2769 1134 sint
2793 1099 2950 1149 quae-

387 1167 517 1215 sivit
559 1164 848 1217 Mommsen
896 1170 1008 1233 epti.
1059 1183 1137 1233 ep.
1171 1171 1204 1219 7
1242 1184 1299 1233 p.
1332 1170 1444 1219 445.
1478 1196 1547 1206 —-
1594 1169 1645 1231 5)
1692 1167 1924 1220 Curator
1969 1171 2215 1234 riparum
2269 1166 2475 1219 Tiberis
2520 1169 2736 1220 videtur
2780 1166 2948 1229 fuisse

389 1266 440 1303 a.
476 1250 573 1302 405
621 1256 673 1301 et
715 1254 1142 1318 insequentibus5
1186 1253 1256 1315 cs:
1299 1252 1405 1305 Mo.
1448 1254 1618 1305 Herm.
1653 1254 1692 1305 3
1736 1269 1789 1318 p.
1824 1254 1901 1304 47.
1936 1280 2007 1291 —
2042 1254 2091 1316 6)
2135 1251 2540 1314 Praefectus-am
2585 1256 2793 1305 aerarii
2836 1257 2951 1319 ipse

386 1336 600 1388 Plinius
645 1341 906 1387 memorat
947 1353 1027 1403 ep.
1072 1339 1146 1388 od
1184 1336 1330 1389 Trai.
1363 1339 1428 1402 3,
1469 1353 1662 1403 paneg.
1696 1339 1783 1390 92.
1860 1335 2170 1398 Praefectus
2213 1341 2420 1389 aerarii
2461 1339 2689 1390 Saturni
2732 1340 2948 1390 videtur

389 1417 563 1480 fuisse
598 1439 649 1476 a.
671 1422 918 1483 98-404,
947 1420 1262 1487 praefectus
1291 1425 1499 1474 aerarii
1533 1424 1789 1474 militaris
1823 1440 1872 1474 a.
1895 1425 1959 1474 94
1996 1423 2078 1473 vel
2108 1426 2174 1474 95
2191 1440 2295 1489 seq.
2333 1422 2404 1485 cf!
2431 1423 2537 1475 Mo.
2569 1440 2623 1490 p.
2648 1427 2729 1477 89.
2796 1424 2949 1478 Utra-

388 1521 490 1572 que
523 1504 872 1573 praefectura
909 1508 1095 1557 iisdem
1131 1507 1248 1570 sere
1286 1509 1608 1574 temporibus
1630 1506 1855 1569 functus
1880 1513 1958 1559 est
1980 1510 2182 1560 Atilius
2206 1509 2431 1573 Rufinus
2467 1511 2656 1575 (supra
2681 1509 2751 1564 N.
2778 1510 2945 1573 4044).

389 1619 453 1630 -
479 1594 530 1656 7)
564 1593 792 1642 Praetor
824 1592 1038 1643 videtur
1072 1590 1242 1653 fuisse
1276 1594 1486 1644 Plinius
1519 1610 1568 1644 a.
1604 1595 1691 1656 93,
1743 1597 1992 1645 tribunus
2028 1592 2200 1660 plebis
2234 1611 2286 1646 a.
2319 1596 2405 1657 92,
2444 1592 2513 1655 cs.
2550 1594 2657 1646 Mo.
2697 1595 2872 1646 Herm.
2909 1596 2947 1646 3

385 1694 439 1745 p.
462 1679 544 1729 86.
571 1706 634 1715 -
673 1678 724 1740 8)
763 1677 1105 1741 Quaestorem
1138 1680 1486 1744 imperatoris
1516 1694 1576 1727 se
1610 1677 1781 1739 fuisse
1810 1681 2018 1731 Plinius
2053 1682 2134 1729 ait
2168 1695 2247 1745 ep.
2272 1681 2319 1741 7,
2345 1678 2423 1743 46,
2445 1680 2515 1742 2,·
2548 1677 2660 1740 suit
2695 1684 2949 1745 quaestor

387 1761 691 1813 Domitiani
727 1778 869 1813 anno
916 1768 978 1813 ut
1021 1763 1238 1813 videtur
1272 1763 1422 1830 89s90
1460 1763 1589 1824 (Mo.
1629 1764 1663 1815 l.
1698 1765 1787 1832 c.).
1823 1793 1894 1804 —
1928 1768 1979 1830 9)
2015 1765 2181 1830 Legio
2228 1767 2387 1815 tertia
2429 1764 2634 1816 Gallica
2684 1768 2742 1815 in
2780 1765 2945 1833 Syria

391 1846 655 1901 tendebat.
726 1847 791 1898 In
827 1846 988 1915 Syria
1024 1865 1079 1897 se
1114 1851 1390 1899 tribunum
1425 1850 1657 1899 militum
1703 1849 1874 1911 fuisse
1908 1852 2117 1902 Plinius
2150 1855 2264 1916 ipse
2317 1855 2543 1901 testatur
2576 1867 2657 1915 ep.
2692 1851 2740 1913 4,
2777 1850 2856 1914 40,
2890 1852 2945 1903 3.

388 1933 443 1995 3,
480 1930 559 1994 44,
592 1935 642 1984 5.
679 1961 745 1971 -
783 1935 866 1995 10)
899 1931 1168 1984 Numerus
1201 1933 1433 1984 millium
1467 1938 1849 2001 sestertiorum,
1892 1953 1961 1987 ex
1997 1938 2186 2001 quibus
2220 1936 2430 1987 Plinius
2465 1938 2698 1986 thermas
2732 1937 2949 1986 exstrui

390 2020 640 2080 iusserat,
669 2021 853 2084 periit.
889 2047 956 2057 —
993 2022 1075 2081 11)
1116 2017 1448 2070 Testamenta
1484 2018 1609 2081 fieri
1644 2023 1812 2073 iussit.
1839 2050 1906 2060 —
1933 2024 2014 2085 12)
2039 2022 2225 2072 Decies
2249 2023 2413 2071 octies
2449 2026 2667 2072 centena
2704 2025 2756 2070 et
2788 2037 2944 2072 sema·

383 2105 545 2167 ginta
580 2119 676 2153 sex
709 2104 881 2154 millia
919 2120 1036 2155 cum
1058 2109 1326 2155 sexcentis
1358 2110 1644 2171 seoeaginta
1679 2123 1777 2157 seae
1802 2105 2136 2172 (4,866,666),·
2171 2110 2357 2157 notam
2381 2108 2541 2157 bessis
2567 2107 2597 2173 (
2602 2105 2691 2173 ’13)
2721 2107 2950 2171 periisse

390 2190 618 2238 coniecit
663 2188 951 2240 Mommsen
999 2188 1199 2254 (Herm.
1241 2193 1280 2242 3
1319 2207 1377 2256 p.
1414 2192 1573 2259 402);
1617 2194 1698 2242 ita
1745 2194 1885 2242 enim
1926 2193 2159 2258 pecunia
2205 2190 2384 2257 legata
2419 2194 2602 2241 usuris
2641 2192 2946 2241 semissibus

384 2272 608 2323 reddere
625 2274 844 2326 debebat
862 2291 1069 2326 annuos
1085 2279 1357 2327 sestertios
1374 2276 1603 2341 442,000.
1643 2276 1726 2327 De
1743 2280 1858 2343 ipsa
1878 2277 2171 2328 donatione
2190 2275 2259 2337 cs!
2280 2275 2382 2329 Mo.
2404 2277 2437 2327 l.
2459 2293 2579 2327 c.—
2605 2267 2948 2337 13)‘Annuos

385 2362 626 2423 sumptus
650 2362 708 2409 in
732 2360 984 2410 alimenta
1009 2363 1369 2424 ingenuorum
1383 2352 1397 2374 '
1417 2364 1778 2427 municipibus
1801 2364 1915 2413 suis
1936 2363 2276 2413 Comensibus
2294 2361 2572 2427 pollicitus
2595 2367 2717 2411 erat
2739 2361 2947 2411 Plinius

386 2444 495 2492 iam
519 2460 569 2496 a.
593 2445 658 2495 97
683 2445 784 2510 (ep.
810 2443 856 2508 4,
879 2446 929 2509 8,
952 2444 1073 2510 40),
1099 2444 1320 2495 eandem
1345 2446 1688 2496 donationem
1713 2452 1977 2497 memorat
1997 2464 2076 2513 ep.
2098 2450 2146 2510 7,
2172 2447 2251 2512 48,
2273 2448 2327 2500 2.
2348 2475 2413 2483 -
2440 2448 2517 2510 14)
2544 2446 2763 2497 Summa
2790 2447 2947 2511 quin·

379 2532 669 2591 gentorum
703 2528 933 2579 millium
968 2529 1211 2595 suppleta
1259 2546 1329 2579 ea:
1362 2530 1501 2581 Plin.
1536 2546 1614 2596 ep.
1647 2532 1695 2592 7,
1732 2531 1812 2593 48,
1846 2532 1899 2581 2.
1933 2558 2000 2569 -
2039 2533 2121 2596 15)
2156 2532 2541 2583 Bibliothecam
2586 2531 2946 2596 municipibus

385 2614 499 2662 suis
535 2614 806 2665 dedicavit
839 2614 1049 2664 Plinius
1083 2632 1134 2668 a.
1171 2617 1236 2667 97
1271 2616 1354 2665 vel
1379 2615 1568 2681 paullo
1606 2620 1764 2666 antea
1806 2614 1968 2680 (Ptin.
2003 2632 2083 2681 ep.
2118 2615 2165 2680 4,
2198 2617 2250 2678 8,
2285 2616 2365 2677 2).

555 2802 728 2872 2928
788 2806 865 2866 Μ.
925 2806 1202 2868 Cornelio
1255 2804 1265 2890 Ι
1317 2806 1384 2867 Τ.
1442 2809 1482 2866 f.
1540 2806 1705 2877 Quir.
1759 2803 1769 2887 Ι
1826 2806 2149 2867 Frontoni¹
2200 2802 2209 2886 Ι
2259 2803 2448 2864 111vir.
2509 2802 2772 2882 capital„
2823 2799 2832 2883 Ι
2887 2819 2943 2878 q.

383 2907 651 2986 provinc.
690 2905 700 2988 Ι
742 2908 921 2982 8ἰοὶ1.,
966 2909 1132 2971 aedil.
1177 2910 1280 2990 pl„
1322 2907 1331 2988 Ι
1370 2909 1650 2988 praetori,
1689 2912 1700 2990 Ι
1742 2909 2070 2987 municipes
2108 2910 2118 2985 Ι
2171 2904 2621 2987 Calemensilum
2667 2913 2942 2984 patr0n0.

563 3024 809 3076 Calarme
857 3024 1128 3093 (Guelma)
1174 3030 1234 3077 in
1277 3024 1537 3077 Numidia
1596 3025 1760 3092 (VIII
1797 3027 1934 3077 5350
1979 3023 2141 3075 semel
2195 3024 2508 3089 descripta).
2554 3050 2623 3060 —
2674 3024 2721 3086 1)
2769 3019 2946 3072 Notus

386 3114 577 3161 orator
613 3113 826 3176 orig-ine
863 3109 1135 3162 Cirtensis.
1206 3110 1352 3161 Idem
1399 3116 1728 3161 memoratur
1760 3126 1928 3177 supra
1964 3107 2033 3161 N.
2066 3109 2214 3162 4429.
2284 3109 2385 3159 Hic
2433 3107 2622 3158 titulus
2669 3106 2946 3157 dedicatus

386 3199 465 3244 est
498 3200 623 3245 ante
655 3211 885 3246 mensem
919 3195 1020 3249 Iul.
1055 3196 1170 3257 443,
1208 3212 1311 3261 quo
1348 3195 1556 3246 Fronto
1594 3196 1931 3246 consulatum
1964 3196 2107 3247 iniit.

555 3363 726 3435 2929
791 3362 895 3453 [Μ.
946 3363 1329 3454 Pothumium
1378 3366 1702 3454 Fest[um]¹
1744 3366 1754 3451 Ι
1794 3379 2086 3430 oratorem
2139 3377 2390 3447 utraque
2436 3366 2668 3428 sacund.
2709 3364 2719 3448 Ι
2759 3364 2941 3426 maxi-

385 3487 568 3541 mum,
616 3489 851 3549 procoS.
898 3473 1069 3535 Asiae
1126 3473 1431 3546 destinat„
1485 3470 1496 3552 Ι
1548 3471 1872 3545 Vllvirum‚
1930 3472 2105 3544 flam„
2156 3467 2510 3531 venerabilis
2557 3470 2568 3549 1
2624 3467 2943 3528 memoriae

381 3572 588 3646 virum,
630 3571 640 3647 Ι
679 3573 747 3633 Τ.
792 3574 879 3635 Fl.
924 3575 1260 3636 Postumius
1304 3574 1525 3635 Varus²
1568 3593 1707 3646 cos.,
1749 3571 1760 3655 Ι
1797 3592 2118 3653 pronepoS‚
2163 3558 2417 3633 sectator
2455 3570 2464 3651 Ι
2505 3569 2649 3631 eius,

552 3690 748 3742 Romae
784 3691 888 3758 (VI
916 3693 1041 3744 4446
1077 3692 1213 3742 vidit
1245 3690 1564 3756 Bormann).
1600 3718 1667 3728 —
1708 3692 1755 3754 1)
1792 3690 1894 3740 Hic
1935 3694 2012 3739 est
2045 3690 2350 3741 Postumius
2381 3687 2578 3738 Festus
2611 3687 2856 3752 aequalis
2891 3690 2944 3736 et

385 3780 768 3827 conterraneus
789 3777 1102 3842 Frontonis,
1139 3778 1294 3827 cuius
1329 3778 1682 3841 eloquentiam
1722 3774 1908 3826 laudat
1930 3775 2139 3825 Fronto
2173 3791 2252 3840 ep.
2290 3773 2363 3824 ad
2384 3775 2540 3823 amic.
2563 3772 2617 3835 2,
2640 3770 2700 3823 44
2741 3770 2816 3837 (p.
2841 3771 2943 3822 200

383 3860 465 3914 ed.
501 3860 708 3925 Nober)
758 3865 811 3912 et
845 3865 938 3928 qui
970 3867 1299 3913 memoratur
1329 3866 1608 3929 praeterea
1645 3877 1678 3911 a
1719 3860 1886 3911 Gellio
1923 3860 2001 3925 49,
2035 3860 2103 3911 43
2150 3858 2500 3925 (praenomen
2531 3858 2832 3922 suppletum
2868 3860 2957 3905 est·

385 3963 456 3997 eoe
480 3946 549 3997 Ν.
571 3946 746 4014 2944).
772 3975 837 3984 -
876 3949 927 4008 2)
965 3946 1192 3998 Videtur
1225 3963 1334 3997 esse
1370 3948 1668 3998 Postumius
1703 3945 1883 3997 Varus
1913 3942 2221 4011 praefectus
2254 3946 2379 3994 urbi
2413 3959 2460 3995 a.
2498 3941 2590 3994 274
2630 3941 2941 4007 (chronogr.

383 4047 433 4082 a.
470 4031 596 4098 354)
637 4032 726 4082 Ad
759 4032 978 4083 eundem
1013 4036 1248 4098 pertinet
1284 4031 1474 4083 titulus
1507 4030 1575 4083 Ν.
1598 4033 1746 4083 2940.
1810 4030 1992 4081 Etiam
2026 4030 2169 4080 alius
2196 4045 2465 4096 pronepos
2500 4028 2761 4078 Postumii
2792 4025 2945 4076 Festi

384 4115 496 4167 dici
531 4117 704 4167 voluit
734 4120 968 4168 sectator
1003 4120 1117 4167 eius
1152 4116 1243 4183 (Ν.
1279 4118 1456 4185 2944).

556 4286 728 4357 2930
784 4279 1020 4353 'Ama
1043 4281 1339 4374 Ῥηγίλλα
1376 4292 1387 4366 Ι
1419 4281 1716 4370 Ἡρώδου
1759 4282 1914 4370 γυνὴ
1961 4281 2037 4350 τὸ
2087 4286 2234 4370 φῶς
2273 4285 2282 4369 Ι
2319 4285 2437 4369 τῆς
2482 4280 2713 4358 οἰκίας,
2757 4285 2940 4356 τίνος

380 4388 612 4472 ταῦΙτα
654 4387 740 4454 τὰ
783 4395 997 4472 χωρία
1038 4387 1325 4475 γέγοναν.
1367 4403 1378 4471 Ι
1417 4392 1608 4453 Annia
1642 4390 1863 4469 Regilla
1905 4392 1915 4464 Ι
1954 4388 2203 4449 Herodis
2239 4405 2388 4449 uxor
2425 4389 2435 4467 Ι
2475 4387 2673 4447 lumen
2712 4385 2939 4458 domus,

383 4489 391 4573 Ι
441 4493 613 4554 cuius
653 4494 799 4554 haec
836 4492 846 4575 Ι
885 4493 1120 4573 praedia
1160 4496 1171 4571 Ι
1206 4495 1469 4554 fuerunt.

556 4608 780 4670 Romae,
830 4610 992 4675 lapis,
1039 4626 1140 4675 quo
1176 4611 1502 4675 temporibus
1534 4591 1804 4659 Maoeentii
1846 4609 1935 4657 usi
1965 4612 2092 4656 sunt
2121 4622 2225 4672 pro
2258 4606 2522 4656 milliario
2558 4607 2677 4655 viae
2712 4603 2942 4653 alicuius

376 4695 720 4745 suburbanae
757 4694 832 4760 (Χ
860 4696 1034 4760 6886),
1069 4699 1147 4744 est
1179 4695 1238 4743 in
1273 4709 1454 4745 museo
1492 4693 1791 4759 Capitolino
1830 4691 2118 4758 (V14542;
2153 4692 2317 4742 Inscr.
2346 4689 2434 4742 Gr.
2462 4689 2612 4742 Sicil.
2636 4690 2754 4740 Ital.
2782 4688 2909 4742 4394
2919 4706 2940 4751 ,·

377 4779 611 4830 Huelsen
656 4796 793 4831 mus.
839 4778 1003 4831 Rhen.
1046 4781 1137 4842 45,
1184 4777 1314 4830 4890
1367 4795 1423 4844 p.
1456 4779 1559 4830 284
1603 4780 1708 4831 tab.
1759 4777 2091 4840 delineavit).
2136 4805 2202 4815 —
2249 4776 2403 4827 Alias
2445 4777 2829 4840 inscriptiones
2873 4775 2939 4825 ab
