3432 5387
590 391 712 451 282
1697 391 1875 459 Caput
1908 389 2032 443 1111.

589 566 819 629 Probus
850 584 900 624 v.
934 565 1031 636 c.²,
1058 561 1067 648 Ι
1095 575 1373 644 quaestor
1403 563 1764 636 candidatus
1796 563 1917 636 filii,
1945 563 1952 644 Ι
1980 580 2201 623 munus
2232 561 2515 640 singulari
2548 562 2819 642 religioni
2848 558 2857 645 Ι
2884 561 3157 623 debitum

586 670 951 732 dedicarunt.

761 768 956 819 Romae
991 767 1100 828 (VI
1127 768 1260 820 4755
1294 766 1436 816 vidit
1470 766 1713 827 Henzen5
1749 766 1879 816 1752
1914 764 2052 814 vidit
2086 764 2403 827 Bor-mann).
2440 792 2508 801 -
2539 765 2610 814 Hi
2645 765 2794 814 tituli
2822 767 2988 830 positi
3019 770 3158 815 sunt

586 854 925 920 aliquantum
945 858 1068 917 post
1099 856 1322 902 mortem
1348 853 1525 914 Probi,
1559 866 1685 902 nam
1710 853 1913 902 Probus
1947 849 2021 899 ad
2052 848 2385 899 connclatum
2409 848 2650 909 filiorum
2684 866 2904 901 suorum
2930 851 3064 916 (not.
3091 850 3155 916 4)

586 957 695 991 non
730 940 959 990 advioeit.
1008 966 1076 974 ——
1128 941 1176 997 1)
1227 936 1476 1002 Olybrius
1520 940 1571 984 et
1606 936 1896 995 bobinus,
1948 934 2109 985 Probi
2152 933 2281 995 filii,
2329 935 2569 986 comulas
2616 936 2889 986 ordinarii
2922 932 3161 993 fuerunt

586 1043 637 1077 a.
671 1027 790 1078 395.
829 1051 894 1061 —
932 1024 981 1084 2)
1026 1022 1236 1073 Tertius
1269 1022 1418 1083 filius
1453 1021 1631 1082 Probi,
1670 1022 1766 1086 qui
1792 1024 1978 1086 postea
2016 1020 2206 1069 consul
2238 1019 2553 1069 ordinarius
2585 1016 2698 1080 fuit
2733 1037 2783 1072 a.
2816 1023 2927 1073 406.

755 1193 924 1263 1260
1033 1194 1381 1256 Consimiles
1424 1193 1669 1252 fratrum
1721 1190 1939 1251 trabeis
1981 1191 2303 1268 gestamina
2347 1194 2642 1253 honorum

1121 1296 1309 1368 tertia,
1358 1313 1509 1374 quae
1553 1293 1784 1366 derant,
1831 1292 2158 1355 addidimus
2202 1294 2404 1356 titulis.

992 1398 1250 1459 Dilectae
1296 1396 1529 1457 Probus
1573 1397 1716 1456 haee
1763 1395 2033 1474 persolvo
2078 1413 2325 1457 munera
2370 1398 2543 1458 matri

1121 1500 1438 1560 restituens
1481 1499 1687 1560 statuis
1731 1498 1990 1578 praemia
2038 1517 2186 1576 quae
2231 1499 2486 1559 dederat.

754 1603 993 1663 Aniciae
1027 1602 1325 1663 Faltoniae
1365 1599 1375 1682 Ι
1416 1599 1689 1673 Probae¹,
1736 1600 1981 1661 Amnios
2015 1600 2284 1661 Pincios²
2322 1597 2333 1682 Ι
2371 1602 2727 1681 Aniciosque
2770 1604 3097 1679 decoranti,
3133 1601 3144 1687 Ι

584 1707 845 1768 consulis
874 1706 1063 1778 uxori,
1104 1704 1115 1786 Ι
1154 1704 1415 1765 consulis
1447 1703 1617 1776 filiae,
1658 1702 1667 1782 Ι
1707 1704 2019 1764 consulum
2066 1704 2257 1777 matri,
2299 1705 2308 1781 Ι
2345 1705 2587 1766 Anicius
2619 1705 2914 1768 Probinus
2958 1726 3009 1768 v.
3044 1727 3096 1768 c.
3136 1703 3147 1788 Ι

585 1808 796 1869 consul
853 1808 1186 1869 ordinarius
1237 1805 1247 1886 Ι
1295 1818 1354 1868 et
1398 1806 1641 1867 Anicius
1703 1804 1935 1866 Probus
1991 1825 2042 1864 v.
2102 1823 2153 1864 c.
2207 1808 2217 1880 Ι
2271 1816 2549 1883 quaestor
2605 1807 2951 1869 candidatus
2989 1806 2999 1892 Ι
3039 1810 3144 1871 filii

582 1910 834 1971 devincti
875 1910 883 1991 Ι
926 1909 1206 1971 maternis
1250 1908 1474 1970 meritis
1509 1905 1518 1990 Ι
1551 1909 1916 1969 dedicarunt.

753 2009 948 2060 Romae
984 2008 1065 2070 (V
1063 2009 1090 2058 I
1119 2009 1245 2059 1754
1279 2012 1492 2071 saepius
1527 2009 1795 2072 descripta
1836 2024 1973 2058 saec.
2008 2006 2163 2068 XVI‚·
2210 2023 2354 2057 nuuc
2395 2023 2526 2072 pars
2575 2014 2652 2058 est
2684 2008 2947 2073 Lugduni
2978 2011 3143 2061 Bata-

581 2100 815 2157 vorum).
893 2093 1098 2144 Titulus
1140 2095 1344 2158 positus
1379 2096 1459 2142 est
1494 2097 1557 2143 ab
1595 2093 1790 2142 eisdem
1826 2094 2128 2143 hominibus
2174 2096 2224 2142 el
2260 2092 2438 2142 eodem
2476 2096 2710 2158 tempore
2745 2111 2849 2159 quo
2888 2094 2956 2148 N.
2995 2097 3146 2162 1268,

583 2183 727 2229 inter·
769 2194 939 2229 annos
972 2180 1077 2231 395
1112 2183 1162 2227 et
1193 2180 1316 2239 406,-
1366 2194 1546 2228 ven-ms
1579 2194 1747 2243 supra
1796 2177 2013 2228 titulum
2040 2181 2368 2243 primarium
2405 2177 2580 2228 additi
2611 2184 2738 2229 sunt
2772 2196 2819 2231 a.
2854 2183 2977 2242 406,
3024 2198 3142 2232 cum

581 2268 742 2314 etiam
773 2265 974 2314 Probus
1009 2266 1195 2313 iunior
1231 2262 1303 2312 ad
1336 2263 1668 2316 consulatum
1706 2263 2045 2314 ordinarium
2076 2266 2421 2328 pervenisset.
2455 2291 2521 2300 —
2562 2265 2608 2328 1)
2649 2263 2798 2317 Uxor
2831 2267 2996 2316 Probi
3029 2270 3144 2318 eius

583 2350 674 2398 cui
692 2350 859 2415 positi
881 2352 1009 2399 sunt
1028 2348 1177 2397 tituli
1210 2347 1276 2397 N.
1302 2348 1551 2400 1265—8.
1613 2350 1800 2400 Eidem
1836 2348 2052 2399 mulieri
2080 2351 2288 2412 positus
2322 2353 2398 2398 est
2433 2366 2465 2399 a
2499 2348 2616 2410 filio
2649 2354 2785 2400 natu
2816 2354 3055 2403 maximo
3093 2356 3146 2403 ct

584 2437 702 2483 eius
735 2450 933 2496 uxore,
980 2433 1041 2483 id
1088 2439 1166 2485 est
1205 2437 1269 2484 ab
1307 2435 1500 2485 eisdem
1536 2437 1632 2498 qui
1661 2438 1959 2498 posuerunt
1994 2431 2062 2485 N.
2099 2433 2245 2497 1267,
2289 2435 2477 2484 titulus
2513 2434 2590 2486 VI
2625 2436 2768 2489 1755.
2805 2464 2869 2473 —
2908 2439 2959 2500 2)
3008 2437 3143 2488 Gens

581 2519 770 2569 Pincia
808 2518 941 2568 alibi
974 2535 1082 2569 non
1117 2524 1461 2570 memoratur.
1531 2520 1612 2569 Ab
1649 2518 1869 2568 aedibus
1902 2520 2063 2568 liuius
2092 2521 2273 2582 gentis
2304 2536 2452 2569 mons
2474 2521 2690 2571 Pincius
2712 2538 2905 2571 nomen
2932 2523 3142 2573 videtur

580 2608 813 2654 traxisse
847 2605 1098 2664 (Huelsen
1133 2603 1309 2656 Roem.
1349 2605 1520 2655 Mittit.
1556 2603 1685 2655 1889
1716 2620 1771 2669 p.
1804 2605 1906 2655 269
1940 2606 2048 2653 not.
2087 2605 2162 2666 2).

752 2691 1048 2756 Epitaphia
1093 2690 1336 2741 Petronii
1369 2690 1533 2741 Probi
1567 2695 1619 2740 et
1653 2692 1846 2740 umoris
1879 2693 2094 2755 roperta
2131 2689 2203 2740 ad
2237 2689 2289 2742 S.
2333 2691 2477 2741 Petri
2511 2691 2683 2742 edidit
2724 2692 2936 2743 Henzen
2976 2690 3026 2744 C.
3066 2691 3146 2742 V!

575 2792 634 2843 p.
667 2779 771 2829 589
809 2775 906 2842 (ef.
942 2777 1007 2826 de
1040 2775 1193 2827 Boni
1226 2780 1387 2826 inser.
1426 2776 1545 2827 Chr.
1583 2776 1651 2838 II,
1683 2792 1737 2841 p.
1771 2777 1916 2839 548).

749 2931 921 3000 1270
985 2934 1055 3003 Q.
1104 2933 1304 2994 Clodio
1353 2932 1831 3012 Hermogeniano
1871 2935 1880 3008 Ι
1924 2932 2199 3012 Olybrio²
2248 2953 2295 2992 v.
2345 2953 2431 3010 c.‚
2493 2935 2656 2996 fratri
2711 2931 2720 3014 Ι
2760 2934 3135 2996 admirandae

576 3037 830 3116 pietatis,
869 3033 880 3116 Ι
919 3035 1226 3096 Faltonius
1270 3034 1501 3096 Probus
1539 3030 1548 3117 Ι
1589 3035 1830 3114 Alypius
1875 3053 1925 3093 v.
1973 3034 2050 3094 c.²

752 3135 948 3186 Romae
985 3136 1092 3196 (Vl
1123 3135 1252 3187 1713
1286 3136 1569 3201 aliquoties
1605 3135 1877 3200 descripta
1912 3150 2047 3185 saec.
2085 3133 2251 3199 XVI).
2287 3165 2353 3173 —
2396 3139 2443 3200 1)
2482 3134 2563 3197 Cf:
2590 3136 2657 3188 N.
2680 3137 2823 3189 127⁴.
2860 3167 2929 3175 —
2965 3141 3016 3200 2)
3053 3136 3134 3199 Cf.

572 3238 738 3288 cupra
772 3219 841 3272 Ν.
862 3221 980 3273 783.

746 3306 915 3377 1271
983 3307 1302 3386 Tyrraniae
1347 3308 1586 3367 Aniciae
1633 3305 1643 3387 Ι
1695 3306 1951 3368 Iulianae
1997 3326 2047 3367 c.
2096 3309 2167 3381 s.,
2228 3308 2465 3387 coniugi
2505 3307 2515 3388 Ι
2555 3307 2625 3378 Q.
2675 3308 2837 3370 Clodi
2885 3309 3134 3370 Hermo-

578 3413 816 3492 geniani
867 3410 877 3492 Ι
931 3408 1134 3489 Olybri
1191 3428 1242 3468 v,
1290 3428 1374 3481 c.‚
1426 3410 1803 3485 {consularis
1848 3409 2253 3489 Campaniae¹,
2308 3408 2318 3488 Ι
2370 3410 2743 3489 proconsulis
2786 3411 3072 3486 Africae2,
3120 3407 3130 3494 Ι

576 3515 857 3595 praefecti
906 3511 1121 3583 urbis³,
1165 3507 1174 3591 Ι
1214 3513 1393 3591 praes.
1440 3522 1623 3591 praet.
1669 3512 1915 3590 Illyrici,
1968 3509 1978 3590 Ι
2017 3513 2200 3590 praef.
2253 3523 2435 3590 praet.
2483 3512 2773 3588 Orientis,
2816 3510 2824 3594 Ι
2866 3514 3126 3576 consulis
3228 3531 3242 3549 ·

578 3616 912 3688 ordinarii⁴,
951 3611 960 3696 Ι
1003 3614 1088 3674 Fl.
1137 3613 1374 3675 Clodius
1419 3614 1606 3675 Rufus
1650 3634 1700 3673 v.
1751 3634 1807 3694 p.
1850 3617 1857 3692 Ι
1899 3623 2182 3693 patronae
2226 3623 2567 3694 perpetuae.

748 3713 942 3766 Romae
978 3714 1088 3775 (VI
1116 3715 1237 3765 1714
1275 3716 1413 3764 vidit
1446 3714 1699 3778 Henzen).
1736 3743 1803 3751 -—
1845 3717 1890 3777 1)
1930 3713 2008 3774 Cr.
2034 3712 2086 3765 X
2102 3717 2251 3767 6085.
2277 3742 2342 3752 -
2368 3716 2419 3771 2)
2448 3714 2739 3765 Proconml
2759 3712 2987 3774 Africae
3021 3712 3135 3775 fuit

576 3803 673 3850 sub
697 3800 856 3862 finem
879 3803 1039 3864 regni
1058 3799 1358 3850 Constantii
1380 3803 1432 3848 et
1451 3802 1547 3849 sub
1573 3800 1785 3850 Iuliano
1813 3800 1975 3859 (VIII
1987 3801 2128 3851 1860.
2146 3802 2285 3852 5354
2313 3798 2384 3861 cf.
2411 3800 2574 3852 Seeck
2598 3799 2796 3866 Syrum.
2813 3816 2871 3865 p.
2899 3799 3132 3865 XCVII).

577 3914 645 3924 —
681 3888 730 3949 3)
765 3889 830 3935 A.
865 3886 1135 3937 568—570
1172 3883 1268 3945 (cll
1307 3885 1469 3935 Seeck
1504 3886 1535 3937 l.
1575 3886 1662 3951 c.).
1705 3914 1763 3921 —
1803 3888 1855 3948 4)
1892 3886 1955 3937 A.
1991 3886 2092 3937 579
2125 3901 2244 3935 cum
2277 3887 2536 3936 Ausonio.

746 4038 918 4108 1272
983 4041 1250 4119 Ragonio
1298 4040 1606 4100 Vincentio
1666 4039 1833 4101 Celso
1889 4061 1938 4099 v.
1999 4059 2085 4113 c.‚
2138 4040 2148 4122 Ι
2201 4060 2232 4100 a
2276 4040 2467 4120 primo
2526 4042 2729 4102 aetatis
2781 4041 3027 4103 introitu
3071 4042 3131 4102 in

579 4154 711 4204 actu
752 4141 762 4224 Ι
801 4142 1036 4222 publico
1083 4142 1239 4203 fideli
1285 4142 1700 4203 exercitatione
1746 4152 2005 4216 versato,
2045 4141 2054 4221 Ι
2096 4144 2264 4205 cuius
2307 4144 2695 4221 primaevitas,
2740 4145 2935 4204 officio
2973 4144 3144 4217 ,sedis

580 4246 842 4307 urbanae
883 4244 890 4326 Ι
931 4244 1329 4305 advocationis
1360 4243 1672 4317 exercito¹,
1719 4244 1893 4304 fidem
1931 4245 2155 4306 iuncxit
2186 4246 2445 4323 ingeni0,
2482 4240 2491 4326 Ι
2522 4246 2871 4325 prudentiae
2902 4246 3134 4308 miscuit

578 4347 939 4415 libertatem,
987 4348 1063 4408 ita
1113 4356 1175 4407 ut
1221 4366 1395 4406 nemo
1441 4347 1512 4405 de
1551 4342 1560 4426 Ι
1603 4346 1729 4407 eius
1772 4347 2090 4419 industria,
2139 4348 2250 4408 nisi
2293 4348 2410 4421 ille,
2458 4358 2663 4408 contra
2709 4367 2886 4427 quem
2934 4368 3132 4410 susce-

579 4459 763 4529 perat,
804 4448 813 4530 Ι
854 4449 1225 4523 formidarem
1274 4449 1441 4509 cuius
1473 4468 1743 4510 accessus
1772 4450 1976 4509 aetatis
2018 4449 2359 4527 amplissimi
2400 4447 2409 4530 Ι
2447 4450 2694 4510 honoris
2738 4460 2797 4510 et
2840 4451 2939 4529 qui
2984 4450 3132 4511 solet

577 4550 860 4611 seniorib.
909 4550 1241 4629 provenire,
1289 4549 1652 4633 ornalmenta
1699 4551 2057 4631 promeruit:
2108 4570 2240 4611 nam
2289 4553 2440 4611 rexit
2483 4553 2868 4613 annonariam
2916 4549 3130 4634 potes!-

575 4660 754 4711 tatem
803 4653 966 4713 urbis
1010 4653 1320 4713 aeternae²
1365 4672 1431 4712 ea
1475 4655 1786 4731 aequitate,
1832 4664 1899 4714 ut
1942 4655 2101 4713 inter
2152 4672 2389 4723 omneS,
2441 4652 2453 4735 Ι
2492 4653 2592 4731 qui
2638 4654 2706 4714 ad
2756 4673 2887 4715 eum
2935 4654 3129 4714 animo

572 4751 859 4830 litigantis
904 4754 1241 4828 intrassent,
1289 4765 1592 4833 parentem
1639 4776 1700 4816 se
1744 4754 1753 4838 Ι
1794 4756 2084 4835 plerumq.
2131 4757 2312 4835 magis
2343 4756 2433 4816 his
2464 4774 2637 4834 quam
2671 4756 2921 4817 iudicem
2957 4774 3129 4835 prae-
