3432 5387
1343 395 1514 452 Tituli
1549 396 1827 453 militares.
2727 396 2850 457 517

310 568 696 621 Graecanicum
745 567 842 634 (cf.
889 568 959 623 Ν.
994 569 1169 631 2547).
1253 569 1352 620 Hic
1396 585 1506 620 non
1549 573 1631 619 est
1666 569 1946 634 putandus
1990 568 2259 634 stipendia
2303 565 2494 628 fecisse
2535 572 2596 621 in
2640 572 2858 623 cohorte

304 655 723 721 Aquitanos-um,
758 659 922 706 natus
959 655 1119 706 Ostiis
1159 653 1425 705 Tiberinis
1460 657 1520 705 in
1554 655 1733 707 Italia.

475 772 647 843 2603
710 775 787 836 M.
834 778 934 837 m.¹
974 778 988 856 Ι
1025 776 1090 838 L.
1136 777 1384 838 Naevius
1422 773 1432 857 Ι
1470 776 1657 839 Verus
1694 775 1706 858 Ι
1745 778 2073 839 Roscianus
2110 774 2123 856 Ι
2161 778 2345 857 praes.
2392 777 2523 838 coh.
2568 776 2618 837 lI
2661 774 2671 858 Ι
2710 776 2856 837 Gall.

308 896 426 957 eq„
464 874 474 958 Ι
514 888 713 938 votum
756 897 828 941 ex
866 875 877 959 Ι
915 879 1254 941 Britannia²
1290 876 1300 960 Ι
1339 880 1565 941 rettulit
1600 877 1610 961 Ι
1651 880 1688 941 1.
1734 898 1813 940 m.

475 978 647 1044 Prope
670 980 848 1029 vicum
880 977 1044 1029 Travi
1066 981 1194 1043 agri
1210 979 1506 1030 Placentini
1530 979 1635 1045 (XI
1651 981 1790 1033 4303
1813 980 1887 1030 ad
1909 980 2281 1046 apographum
2300 978 2508 1041 facturn
2528 993 2665 1029 saec.
2688 976 2857 1045 XVI).

307 1090 367 1100 --
401 1064 452 1125 1)
475 1062 749 1114 Minervae
769 1068 995 1116 memori
1018 1066 1121 1126 (sic
1136 1063 1295 1129 plene
1318 1064 1420 1114 alii
1441 1065 1594 1115 tituli
1615 1066 1797 1116 eodem
1822 1065 1935 1117 Ioco
1956 1064 2197 1131 reperti).
2220 1092 2291 1103 —
2324 1065 2378 1127 2)
2404 1063 2602 1115 Cohors
2623 1062 2857 1113 secunda

306 1146 587 1199 Gallorum
629 1152 687 1198 in
722 1148 1011 1199 Britannia
1054 1151 1202 1199 stetit
1247 1154 1391 1201 certe
1434 1152 1530 1200 sub
1578 1150 1855 1200 Antonino
1901 1149 1996 1200 Pio
2033 1150 2186 1216 (dipl.
2224 1165 2274 1200 a.
2309 1148 2427 1211 446,
2473 1144 2545 1207 cf.
2594 1146 2701 1198 Mo.
2736 1149 2853 1213 eph.

301 1248 381 1299 ep.
414 1235 449 1283 ὅ
481 1250 536 1297 p.
573 1234 680 1299 99).

473 1366 645 1437 2604
712 1370 1151 1450 Campestribus
1187 1370 1198 1453 Ι
1237 1389 1470 1432 sacrum
1507 1369 1517 1455 Ι
1560 1371 1623 1431 Ρ.
1670 1371 1949 1443 Quintius
1994 1370 2057 1432 L.
2104 1370 2183 1431 fil.
2225 1373 2235 1447 Ι
2274 1370 2437 1443 Quir.
2471 1364 2856 1456 [Fi]rmiuus¹

303 1468 315 1554 Ι
363 1472 541 1533 domo
588 1473 752 1534 Sicca
794 1469 804 1554 Ι
843 1472 1111 1543 Veneria,
1156 1471 1294 1534 trib.
1334 1471 1344 1552 Ι
1383 1473 1515 1534 coh.
1559 1471 1777 1533 XXIIII
1821 1473 1932 1533 vol.
1979 1491 2029 1533 c.
2074 1473 2171 1533 R.²

474 1574 644 1639 Prope
681 1573 996 1637 Benningen
1041 1588 1178 1639 rep.,
1227 1577 1305 1622 est
1338 1573 1643 1638 Stuttgarti
1688 1573 2010 1634 (Brambacb
2047 1574 2176 1624 4396
2218 1576 2313 1638 qui
2352 1573 2529 1638 vidit).
2561 1601 2629 1609 —
2667 1575 2714 1635 1)
2759 1576 2860 1622 ter·

299 1656 469 1708 miuus
519 1658 656 1723 lapis
697 1659 900 1709 dicitur
944 1659 1211 1710 exhibere.
1260 1686 1325 1696 --
1371 1660 1423 1721 2)
1463 1658 1660 1710 Cohors
1705 1657 1916 1708 XXIIII
1957 1658 2388 1709 voluntariorum
2435 1661 2631 1709 civium
2666 1656 2858 1708 Roma-

299 1757 495 1793 norum
530 1747 858 1794 memoratur
893 1746 1054 1794 etiam
1099 1745 1160 1793 in
1207 1743 1333 1792 aliis
1368 1743 1540 1793 titulis
1577 1744 1803 1807 repertis
1838 1742 1911 1792 ad
1956 1741 2177 1792 limitem
2215 1742 2528 1794 Germaniae
2561 1744 2860 1808 superioris

301 1826 629 1888 (Brambach
665 1828 814 1880 1395.
851 1828 995 1880 4568.
1031 1829 1175 1882 4570.
1212 1829 1380 1892 4700).

470 1945 641 2015 2605
708 1949 766 2009 in
815 1948 872 2008 h.
919 1949 975 2010 d.
1021 1949 1099 2022 d.‚
1156 1949 1299 2010 deae
1336 1947 1348 2030 Ι
1387 1947 1688 2009 Fortunae
1733 1949 1953 2028 saincte
1998 1946 2333 2030 balinealri¹
2391 1949 2624 2023 reduci,
2673 1947 2857 2031 Valle-

300 2050 427 2111 rius
470 2048 831 2135 Valeriflanus
885 2050 1024 2113 trib.
1082 2049 1232 2134 eloh.
1280 2050 1303 2109 1
1361 2047 1844 2133 Germanolrum²
1889 2047 2308 2131 Philippianlae
2362 2060 2562 2112 votum
2619 2047 2857 2131 posluit‚

310 2153 498 2232 impp.
546 2152 641 2213 dd.
689 2149 810 2235 nln.
855 2152 1141 2233 Philippis
1185 2148 1390 2232 Auglg.
1436 2151 1515 2212 III
1562 2161 1620 2213 et
1663 2153 1877 2213 iterum
1915 2151 1927 2234 Ι
1966 2153 2131 2227 coS.³‚
2176 2153 2215 2214 l.
2260 2153 2298 2214 1.
2343 2173 2421 2214 m.

474 2253 824 2317 Iagstliausen
857 2270 970 2319 rep.
1007 2252 1434 2319 (Westdeutsclze
1455 2252 1716 2305 Zeitschr.
1752 2255 1784 2305 6
1810 2268 1869 2319 p.
1902 2254 2009 2320 76).
2036 2281 2099 2290 ——
2141 2255 2189 2317 1)
2213 2253 2457 2319 Apparet
2491 2252 2708 2303 titulum
2735 2266 2859 2316 per-

302 2340 526 2388 tinuisse
570 2337 645 2388 ad
696 2337 940 2388 balneum
987 2337 1211 2404 aliquod
1220 2356 1241 2400 ‚·
1300 2336 1372 2387 ad
1416 2337 1649 2388 eiusdem
1694 2338 1872 2388 balnei
1930 2340 2170 2390 cohortis
2217 2340 2427 2404 primae
2474 2338 2858 2389 Germanorum

300 2424 694 2472 restitutionem
737 2425 972 2488 pertinet
1015 2424 1204 2474 titulus
1246 2423 1427 2474 eodem
1473 2424 1586 2473 loco
1632 2428 1873 2489 repertus
1917 2424 2217 2474 Brambaclz
2262 2424 2407 2476 4608.
2454 2451 2520 2461 -
2566 2424 2616 2486 2)
2663 2421 2859 2472 Cohors

292 2510 480 2573 prima
519 2505 906 2558 Germanorum
952 2514 1256 2559 recensetur
1297 2512 1439 2558 inter
1483 2509 1696 2559 aua-ilia
1742 2512 2011 2559 exercitus
2048 2506 2365 2558 Germaniae
2408 2510 2703 2573 superioris
2747 2509 2858 2557 iam

303 2607 448 2643 anno
483 2594 552 2642 82
591 2603 781 2656 (supra
818 2591 885 2645 Ν.
922 2593 1075 2660 4995)
1113 2597 1166 2643 et
1199 2610 1248 2644 a.
1285 2592 1377 2645 446
1403 2592 1598 2659 (ἀέρι).
1635 2622 1701 2630 -
1742 2595 1793 2655 3)
1830 2594 1892 2644 Α.
1928 2594 2044 2644 248.

471 2712 644 2782 2600
713 2714 752 2776 1.
800 2735 854 2775 ο.
901 2733 980 2776 m.
1018 2713 1028 2798 Ι
1071 2715 1176 2777 Cn.
1225 2715 1461 2777 Clodius
1506 2716 1613 2778 Cn.
1654 2713 1664 2797 Ι
1702 2715 1784 2777 fil.
1830 2714 2221 2777 Classicianus
2271 2713 2280 2796 Ι
2334 2712 2470 2775 trib.
2517 2712 2650 2775 coh.
2697 2712 2857 2773 XIIX

296 2816 414 2877 vol.
459 2834 510 2877 c.
544 2817 612 2876 R.
653 2815 663 2896 Ι
702 2825 762 2877 et
805 2818 1067 2878 translat.
1111 2817 1183 2878 ab
1230 2816 1484 2898 optilmis
1528 2818 1857 2897 maxImisq.
1900 2819 2041 2897 imp.
2089 2816 2148 2877 in
2190 2815 2201 2889 Ι
2241 2816 2373 2876 coh.
2420 2816 2441 2876 I
2492 2810 2663 2900 Ul[p.]
2712 2816 2854 2876 Pan.

300 2937 383 2980 00
415 2920 550 2997 eq.¹‚
591 2916 601 3001 Ι
640 2938 692 2978 v.
739 2938 784 2980 s.
835 2913 922 3003 [L]
971 2938 1047 2979 m.

476 3018 692 3085 Stojnik
725 3023 784 3069 in
811 3018 997 3070 Serbia
1033 3035 1163 3086 rep„
1200 3024 1275 3070 est
1295 3018 1553 3085 Belgradi
1587 3019 1869 3082 (1116302.
1908 3017 1990 3069 III
2023 3017 2077 3070 S.
2100 3017 2232 3069 8462
2257 3017 2397 3068 vidit
2418 3015 2857 3080 Domaszewslei).

301 3131 370 3142 --
421 3104 470 3166 1)
523 3103 650 3155 Tam
698 3105 886 3155 cohors
933 3105 1357 3156 duodevicesima
1391 3105 1824 3156 voluntariorum
1859 3106 2056 3153 civium
2091 3102 2453 3154 Romanorum
2489 3116 2648 3167 quam
2674 3103 2856 3167 prima

309 3186 463 3254 Ulpia
516 3190 918 3241 Pannoniorum
969 3190 1213 3240 miliaria
1266 3191 1506 3255 equitata
1558 3193 1617 3240 in
1669 3190 1950 3241 Pannonia
2005 3188 2292 3239 tendebant
2339 3203 2475 3239 saec.
2521 3202 2580 3252 p.
2636 3186 2755 3238 Chr.
2803 3185 2863 3236 II

302 3273 496 3337 (supra
534 3272 601 3325 N.
636 3275 770 3325 2005
806 3290 924 3325 cum
960 3278 1068 3326 not.
1103 3277 1183 3338 3).

474 3393 645 3465 2607
711 3396 799 3458 dis
841 3396 1058 3458 Mauris
1096 3394 1106 3478 Ι
1158 3395 1512 3459 salutaribus
1560 3395 1570 3476 Ι
1621 3395 1894 3458 Aurelius
1937 3394 2251 3475 Elxoratus
2307 3395 2433 3456 dec.
2485 3391 2496 3473 Ι
2546 3393 2668 3454 alae
2715 3392 2857 3452 Par-

300 3506 523 3572 torum‚
563 3496 573 3580 Ι
614 3498 985 3578 praepositus
1023 3496 1034 3581 Ι
1072 3497 1332 3559 cohortis
1377 3496 1429 3558 ll
1469 3495 1479 3579 Ι
1518 3497 1839 3559 Sardorum
1884 3494 2293 3579 Solverianae.¹

475 3596 541 3647 In
576 3598 918 3649 Mauretania
955 3598 1069 3649 loco
1108 3598 1249 3648 dicto
1286 3597 1498 3663 Hadjar
1532 3597 1786 3664 ordiam,
1820 3601 1931 3648 iam
1964 3594 2345 3659 Lamoricieire,
2388 3596 2483 3646 ubi
2515 3592 2630 3655 fuit
2660 3594 2857 3646 Allava

304 3682 626 3747 (Demaeglzt
652 3682 776 3735 bull.
804 3684 866 3733 de
891 3682 944 3733 la
967 3681 1165 3733 εοοίόιό
1185 3683 1249 3733 de
1263 3681 1594 3749 geographie
1619 3683 1822 3733 d’Oran
1845 3683 1924 3745 40,
1948 3683 2076 3734 4890
2097 3698 2151 3747 p.
2168 3681 2305 3747 400).
2322 3708 2393 3719 -
2415 3683 2460 3745 1)
2483 3682 2559 3731 Αὸ
2578 3680 2689 3731 alio
2699 3695 2859 3746 prae-

296 3769 476 3834 posito
501 3768 729 3817 eiusdem
755 3769 986 3819 cohortis
1012 3767 1325 3830 Sardorum,
1358 3768 1643 3818 decurione
1667 3769 1786 3818 alae
1814 3767 2097 3834 Thracum,
2123 3768 2337 3833 positus
2361 3772 2437 3817 est
2461 3783 2509 3817 a.
2526 3782 2583 3832 p.
2612 3765 2730 3817 Chr.
2754 3765 2862 3816 208

293 3852 496 3902 titulus
522 3852 654 3903 VIII
674 3853 838 3904 40949
871 3853 1051 3903 eodem
1076 3853 1192 3903 loco
1227 3857 1488 3917 repertus.
1551 3852 1830 3905 Cohortem
1853 3853 2137 3904 secundam
2175 3852 2471 3904 Sardorum
2504 3868 2603 3918 per
2636 3851 2859 3916 aliquod

300 3942 511 4002 tempus
554 3941 750 3988 stativa
799 3938 1044 3988 babuisse
1089 3937 1184 3988 illo
1230 3937 1346 3989 loco
1383 3937 1676 3997 ,declarant
1722 3938 1871 3988 tituli
1916 3937 1967 3989 C.
2004 3938 2136 3990 VIII
2164 3938 2313 3991 9834.
2346 3939 2501 3990 9833.
2572 3937 2856 3988 Praeterea

298 4023 577 4087 epitaphia
612 4023 842 4074 militum
875 4023 1035 4074 huius
1070 4024 1304 4075 cohortis
1336 4026 1548 4088 reperta
1580 4025 1710 4072 aunt
1737 4038 1904 4089 prope
1938 4023 2185 4085 Anxium,
2223 4025 2335 4074 loco
2359 4023 2502 4073 dicto
2528 4023 2637 4073 Sur
2658 4020 2859 4086 Djuab,

301 4109 363 4158 in
397 4106 739 4158 Mauretania
775 4107 1014 4172 quidem,
1048 4108 1142 4159 sed
1176 4108 1290 4159 loco
1326 4108 1554 4158 multum
1589 4107 1820 4158 distante
1854 4109 1918 4158 ab
1952 4107 2152 4159 Altava
2191 4107 2269 4173 (C.
2310 4106 2442 4159 VIII
2470 4105 2601 4157 9498
2634 4103 2707 4166 cf.
2741 4106 2857 4169 eph.

296 4191 348 4257 7,
379 4193 492 4244 496.
530 4190 664 4242 VIII
693 4194 842 4244 9200.
875 4193 1058 4257 9202).

473 4309 649 4381 26⁰8
713 4359 1102 4375 ......
1161 4314 1314 4376 side¹
1367 4313 1377 4387 Ι
1428 4330 1661 4374 sacrum
1721 4312 1919 4392 posuit
1964 4310 1973 4393 Ι
2026 4310 2224 4372 Aelius
2281 4308 2632 4394 Servanldus
2688 4307 2858 4384 dec.¹‚

303 4411 697 4498 praepolsitus
743 4417 876 4477 coh.
921 4417 971 4477 II
1030 4413 1372 4498 Brelucoru.
1432 4408 1879 4501 [G]or[di]ane³‚
1931 4410 1941 4495 Ι
1994 4412 2070 4473 IlI
2128 4411 2243 4473 kal.
2298 4412 2421 4473 lan.
2477 4407 2744 4494 ArrIlano
2801 4419 2862 4473 et

304 4517 469 4597 Papo
515 4519 682 4593 cos,⁴‚
723 4517 734 4598 Ι
773 4518 944 4581 salvis
987 4520 1196 4598 Augg„
1236 4513 1248 4599 Ι
1286 4517 1486 4578 multis
1528 4516 1703 4578 anuis
1748 4515 2034 4596 felicilter.

472 4619 535 4670 In
571 4619 940 4679 Mauretania,
986 4617 1101 4668 loco
1150 4618 1294 4668 dicto
1332 4616 1465 4669 Suik
1496 4632 1666 4682 prope
1706 4615 2049 4680 Tagremarl,
2091 4630 2202 4681 rep.
2248 4614 2410 4680 (ΕρΙι.
2445 4616 2615 4678 epigr.
2649 4614 2702 4676 ὅ,
2736 4611 2862 4663 4047

302 4702 468 4755 deser.
495 4705 560 4755 de
583 4706 636 4756 la
661 4701 1000 4770 Blanclzere).
1022 4731 1088 4740 -
1120 4705 1169 4768 1)
1194 4702 1443 4769 Superest
1468 4719 1536 4754 ex
1573 4701 1829 4753 vocabulo
1863 4702 2115 4764 numinis,
2150 4703 2241 4749 cui
2274 4699 2465 4750 titulus
2487 4699 2698 4749 dicatus
2730 4694 2861 4757 fuit.

298 4814 367 4825 —
405 4791 457 4854 2)
493 4790 728 4841 Decurio
764 4790 883 4840 alae
916 4788 1194 4839 cuiusdam
1225 4790 1340 4838 eine
1375 4788 1554 4854 dubio,
1595 4791 1660 4837 ut
1690 4785 1760 4838 Ν.
1795 4787 1943 4839 2607.
1979 4812 2042 4824 -
2092 4785 2146 4849 3)
2192 4784 2274 4835 Eo
2311 4786 2424 4850 ipso
2461 4785 2576 4836 loco
2623 4799 2724 4849 quo
2774 4783 2864 4833 hic
