3432 5387
1347 347 1519 404 Tituli
1553 347 1832 405 militares.
2735 351 2861 410 453

474 523 649 589 Prope
683 521 934 572 Parmam
968 535 1078 586 rep.
1117 518 1217 585 (XI
1250 520 1381 572 4068
1414 521 1553 571 vidit
1586 521 1906 589 Bormann).
1942 548 2010 559 —-
2061 523 2109 586 1)
2143 522 2405 573 Paternae
2439 538 2755 588 cognomen,
2800 530 2864 576 ut

297 611 356 657 et
380 607 644 659 Veneriae
679 621 972 671 cognomen
994 621 1161 672 supra
1186 604 1256 657 N.
1277 604 1430 670 2244,
1465 608 1523 655 in
1558 605 1721 656 titulo
1758 607 1854 670 qui
1885 606 2099 657 videtur
2133 623 2243 658 esse
2279 611 2573 673 temporum
2608 609 2862 674 Augusti,

293 692 501 744 alludit
548 692 623 743 ad
658 691 936 743 Caesarem
984 691 1314 743 dictatorem.
1387 689 1618 742 Videtur
1664 707 1773 741 esse
1819 692 1995 755 igitur
2041 693 2171 743 haec
2205 696 2322 757 ipsa
2375 694 2514 757 legio
2550 694 2860 746 duodecima

294 794 439 843 quae
474 776 588 838 suit
620 779 679 828 in
703 778 948 828 exercitu
975 776 1217 828 Caesaris
1252 775 1536 827 dictatoris
1559 775 1730 830 (Caes.
1770 778 1814 829 b.
1845 774 1978 829 Gall.
2004 778 2058 840 2,
2095 779 2182 843 23,
2218 779 2264 830 b.
2290 782 2389 830 civ.
2412 780 2461 841 4,
2495 780 2603 847 43).
2657 780 2861 832 Eadem

294 863 516 913 videtur
569 862 709 927 legio
751 860 855 913 XII
899 864 1123 926 antiqua
1174 864 1468 912 memorata
1523 862 1582 910 in
1624 863 1855 911 nummis
1906 860 1976 913 M.
2024 862 2254 912 Antonii
2309 862 2535 929 (Eckliel
2575 868 2607 917 6
2654 881 2707 930 p.
2748 864 2860 934 51).

300 947 388 1009 Cf.
424 950 638 1000 Henzen
676 947 802 999 butt.
840 946 961 998 dell'
996 947 1124 998 Inst.
1160 947 1309 997 arcti.
1344 946 1470 996 4867
1498 961 1553 1011 ρ.
1590 946 1698 998 479.

469 1085 642 1157 2243
708 1088 785 1153 Μ.
831 1086 1118 1148 Billienus
1161 1085 1239 1146 Μ.
1287 1086 1327 1145 f.
1369 1082 1378 1166 Ι
1416 1085 1587 1146 Rom.
1634 1086 1907 1148 Actiacas
1945 1085 1955 1168 Ι
1996 1087 2232 1168 legione
2277 1088 2354 1150 xl
2371 1090 2407 1162 ¹,
2462 1083 2707 1171 proellio
2757 1108 2859 1149 na-

297 1192 411 1252 vali
467 1193 622 1252 sacto
676 1189 686 1269 Ι
737 1190 800 1250 in
860 1187 1192 1250 coloniam²
1249 1184 1585 1269 delductuS,
1641 1187 1714 1249 ab
1773 1185 2002 1272 ordiflne
2059 1188 2299 1249 decurio
2356 1185 2665 1275 allecl[tus]
2715 1236 2729 1249 .
2779 1235 2792 1249 .
2842 1236 2856 1250 .

296 1313 400 1354 mo
446 1293 627 1354 Erue.
676 1337 689 1352 .
741 1336 755 1350 .
809 1288 820 1374 Ι
876 1335 1147 1350 .....

475 1393 647 1458 Pmpe
693 1392 877 1441 Ateste
928 1390 1044 1441 loco
1089 1390 1232 1441 dicto
1289 1389 1497 1455 Pojana
1550 1389 1859 1454 maggiore,
1908 1394 2094 1454 postea
2139 1389 2378 1441 Vicetiae
2424 1391 2502 1457 (V
2544 1393 2676 1445 2604
2721 1392 2859 1442 vidit

297 1476 631 1545 Mommsen).
656 1506 723 1515 -
750 1478 799 1540 1)
833 1476 1118 1526 Praeterea
1154 1475 1335 1524 Ateste
1368 1477 1582 1539 reperta
1617 1477 1745 1523 sunt
1778 1475 2054 1539 epitaphia
2089 1477 2324 1527 aliorum
2358 1478 2593 1528 militum
2628 1476 2859 1527 eiusdem

300 1564 528 1627 legionis
563 1564 800 1628 quinque
836 1557 1015 1626 (infra
1055 1558 1123 1611 Ν.
1158 1561 1317 1612 2336.
1355 1557 1407 1610 G.
1448 1559 1505 1611 V
1526 1560 1677 1610 2495.
1710 1560 1867 1610 2542.
1901 1560 2067 1623 2839,
2112 1576 2237 1611 nam
2283 1563 2369 1612 hic
2404 1577 2639 1628 quoque,
2677 1577 2859 1627 quam-

299 1664 462 1714 quam
484 1648 697 1698 Patavii
732 1645 1045 1710 descriptus,
1082 1645 1263 1695 Ateste
1301 1644 1427 1696 olim
1461 1645 1665 1694 stetisse
1701 1643 1929 1709 videtur,
1965 1643 2196 1712 denique
2217 1647 2265 1695 is
2288 1662 2440 1712 quem
2467 1647 2636 1697 edidit
2659 1647 2859 1697 Pietro-

292 1732 509 1798 grande
543 1733 747 1782 notizie
782 1730 928 1793 degli
960 1731 1110 1780 scavi
1143 1728 1268 1780 4894
1317 1744 1371 1794 p.
1406 1728 1556 1792 247),
1600 1742 1829 1793 quorum
1865 1729 1998 1790 dno,
2045 1734 2108 1779 ut
2147 1730 2235 1780 hic
2270 1731 2555 1796 Billienus,
2604 1731 2861 1781 dicuntur

297 1818 517 1868 Actiaci
554 1814 728 1881 (infra
754 1815 820 1867 Ν.
846 1816 1018 1878 2336,·
1055 1813 1107 1866 G.
1138 1815 1195 1867 V
1207 1816 1377 1877 28595
1412 1815 1602 1864 tertius
1635 1813 1890 1864 Actiacus
1925 1819 2005 1864 est
2038 1816 2097 1864 in
2134 1815 2291 1867 titulo
2326 1817 2592 1882 descripto
2622 1818 2858 1882 primum

297 1904 360 1952 in
396 1904 574 1952 vicina
609 1900 895 1963 Ferraria,
933 1899 988 1951 V
1014 1900 1182 1961 2389,
1219 1904 1445 1965 quartus
1486 1901 1544 1949 in
1583 1902 1619 1951 t.
1657 1899 1990 1964 Aquileiensi
2025 1899 2075 1950 V
2104 1903 2246 1965 890).
2317 1903 2558 1969 Apparet
2590 1902 2784 1952 milites
2832 1917 2860 1951 e

300 1986 512 2051 legione
545 1986 824 2037 undecima
852 1989 976 2051 post
1007 1985 1274 2050 proelium
1309 1984 1592 2035 Actiacum
1627 1983 1811 2034 Ateste
1840 1985 2093 2035 deductos
2115 2002 2239 2037 esse.
2308 1986 2510 2037 Eodem
2545 1989 2660 2037 sine
2694 1986 2858 2037 dubio

300 2077 532 2138 tempore
568 2087 628 2122 eo
664 2071 880 2122 deducti
911 2075 1039 2121 sunt
1070 2069 1266 2120 milites
1302 2086 1329 2119 e
1364 2070 1574 2135 legione
1608 2069 1796 2136 aliqua
1833 2073 2020 2135 quinta
2058 2070 2202 2121 dicta
2239 2072 2464 2132 urbana,
2508 2087 2643 2136 quae
2670 2074 2858 2136 postea

297 2173 408 2208 non
444 2161 773 2208 memoratur
810 2153 906 2221 (cfi
941 2171 1105 2221 supra
1142 2153 1209 2207 Ν.
1244 2156 1441 2221 2236),
1491 2157 1618 2204 item
1654 2154 1889 2206 aliarum
1925 2169 2133 2221 quoque
2165 2155 2551 2206 nonnullarum
2586 2154 2860 2219 legionum

297 2243 490 2294 milites
516 2241 611 2304 (cll
640 2242 691 2294 C.
719 2241 843 2307 Vp.
868 2242 1011 2307 240).
1049 2269 1113 2278 -
1152 2242 1204 2305 2)
1242 2238 1462 2291 Colonia
1498 2242 1613 2289 sine
1650 2239 1812 2289 dubio
1839 2240 1987 2300 facta
2023 2243 2102 2290 est
2132 2240 2310 2290 Ateste
2343 2242 2473 2306 ipsis
2508 2242 2592 2291 his
2624 2240 2859 2291 militum

299 2328 722 2379 deductionibus.
796 2324 878 2386 Cf.
915 2325 1201 2376 Mommsen
1236 2324 1413 2375 Herm.
1449 2324 1515 2374 48
1551 2340 1608 2390 p.
1643 2324 1761 2375 472.
1829 2323 2198 2375 Enumeratur
2231 2326 2410 2376 Ateste
2443 2328 2587 2376 inter
2622 2324 2859 2381 colonias

300 2412 584 2479 (Augusti)
622 2428 655 2462 a
692 2411 866 2462 Plinio
904 2413 953 2462 Ιι.
988 2426 1041 2462 n.
1075 2411 1130 2475 3,
1164 2410 1280 2461 430.
2749 2400 2752 2405 ’

468 2630 641 2704 2244
788 2643 1037 2707 protome
1275 2636 1429 2688 miles
1479 2637 1700 2688 indutus
1749 2638 1920 2689 lorica
2150 2643 2398 2706 protome

726 2728 803 2789 Μ.
850 2727 1080 2789 Caelius
1277 2733 1557 2797 torquibus
1592 2736 1644 2782 et
1671 2732 1916 2797 phaleris
2098 2725 2174 2786 M.
2221 2725 2450 2787 Caelius

823 2829 900 2889 M.
945 2828 985 2888 l.
1288 2838 1505 2898 ornata,
1540 2832 1734 2883 dextra
1781 2837 1922 2885 tenet
2196 2826 2273 2887 Μ.
2319 2827 2357 2886 Ι.

761 2930 1026 2991 Privatus
1500 2936 1659 2984 vitem
2103 2927 2450 2989 Thiaminus

1094 3029 1173 3090 Μ.
1221 3030 1418 3093 Caelio
1463 3031 1531 3091 T.
1579 3030 1619 3090 f.
1668 3030 1832 3091 Lem.
1878 3029 2071 3102 Bon),

1106 3131 1187 3196 0²
1229 3132 1342 3211 leg.
1388 3130 1600 3206 XIIX’,
1647 3150 1789 3192 ann.
1835 3132 2066 3207 LIIIS⁴,

1112 3227 1359 3318 [ceJcidit
1401 3232 1557 3295 bello
1604 3233 1877 3309 Variano,
1925 3253 2055 3296 ossa

1027 3332 1302 3419 [ijni'erre
1345 3335 1562 3397 licebit.
1609 3336 1675 3397 P.
1718 3336 1947 3398 Caelius
1990 3336 2057 3396 T.
2107 3337 2144 3397 f.

1286 3437 1449 3498 Lem.
1495 3438 1679 3500 frater
1725 3439 1882 3499 fecit.

469 3555 559 3607 Ad
605 3553 792 3606 Castra
848 3554 1041 3606 Vetera
1092 3552 1350 3623 (Xanten)
1392 3554 1707 3606 Germaniae
1753 3552 2038 3616 inferioris
2083 3569 2194 3620 rep.
2205 3591 2222 3619 ,
2268 3557 2348 3603 est
2390 3554 2611 3605 Bonnae
2647 3551 2862 3618 (Bram-

297 3642 433 3693 bach
456 3642 558 3693 209
571 3659 592 3703 ,·
620 3641 913 3705 imaginem
938 3638 1086 3689 dedit
1110 3638 1533 3691 Lindon-schmitt
1558 3641 1926 3693 Alterthiimer
1948 3656 2143 3691 unsrer
2165 3639 2343 3690 heidn.
2369 3638 2426 3690 V
2420 3641 2590 3691 orzeit
2613 3639 2639 3689 1
2673 3637 2804 3699 fasc.
2828 3641 2860 3690 6

296 3727 403 3778 tab.
439 3728 518 3790 5).
553 3752 617 3763 —
660 3726 706 3789 1)
744 3723 965 3792 (Tr-ihu)
1005 3724 1279 3788 Lemonia,
1316 3722 1523 3792 (domo)
1549 3725 1811 3776 Bononia.
1835 3754 1903 3764 —
1941 3726 1992 3790 2)
2027 3724 2170 3776 Nota
2208 3726 2556 3788 centurionis,
2603 3739 2707 3790 quo
2737 3740 2861 3790 per-

300 3814 434 3862 tinet
470 3812 629 3861 etiam
662 3813 791 3861 vitis
835 3824 996 3875 quam
1033 3812 1173 3860 tenet
1219 3807 1445 3862 Caelius.
1518 3807 1759 3860 Ceterum
1799 3812 1859 3861 in
1895 3810 2073 3876 lapide
2106 3825 2214 3861 non
2253 3809 2290 3860 ἶ)
2325 3807 2513 3874 fuisse,
2546 3809 2639 3860 sed
2674 3807 2732 3873 Ο,
2767 3808 2861 3858 ad-

296 3895 522 3957 firmant
555 3897 712 3944 testes
749 3894 951 3945 oculati
975 3893 1305 3959 complures,·
1339 3910 1401 3944 ea
1424 3898 1540 3960 ipsa
1564 3899 1692 3945 nota
1716 3894 2026 3959 significari
2050 3895 2432 3960 centurionem,
2465 3894 2527 3944 id
2558 3897 2735 3944 autem
2769 3910 2861 3943 ea:-

292 3978 609 4047 plieandum
642 3994 712 4028 ex
738 3981 925 4044 prisco
972 3993 1101 4043 usu,
1149 3994 1254 4043 quo
1303 3976 1344 4030 Ο
1393 3980 1476 4030 vel
1518 3977 1561 4031 θ
1596 3994 1879 4030 numerum
1913 3983 2279 4030 centenarium
2310 3978 2731 4044 significaverit,
2779 3980 2861 4027 ait

297 4061 593 4116 Buecheler
626 4077 759 4114 mus.
793 4060 959 4113 Rhen-
981 4063 1060 4127 46,
1096 4061 1220 4113 4894
1253 4079 1312 4129 p.
1334 4064 1459 4116 239.
1483 4092 1549 4102 —-
1587 4064 1640 4128 3)
1677 4064 1844 4130 Legio
1882 4064 2050 4115 deleta
2082 4065 2290 4130 proelio
2319 4065 2558 4116 Variana
2593 4078 2705 4112 una
2741 4076 2858 4110 cum

297 4148 715 4212 undevicesima,
752 4146 816 4198 de
859 4149 1013 4198 cuius
1050 4150 1201 4198 exitu
1237 4152 1421 4200 testem
1458 4150 1707 4200 habemus
1749 4148 1987 4201 Tacitum
2031 4165 2157 4201 ann.
2192 4150 2241 4211 4,
2276 4150 2355 4210 60,
2393 4151 2517 4198 item
2552 4151 2615 4197 ut
2648 4146 2861 4196 videtur

297 4248 417 4285 cum
453 4233 657 4284 decima
691 4235 916 4299 septima
927 4251 948 4296 ;
983 4234 1178 4284 harum
1215 4236 1380 4286 isium
1405 4234 1677 4299 legionum
1700 4233 1853 4285 nulla
1880 4237 2068 4300 postea
2093 4236 2363 4285 restituta.
2388 4260 2453 4270 —
2489 4235 2541 4296 4)
2575 4233 2859 4283 Annorum

298 4321 695 4386 quinquaginta
730 4320 897 4369 trium
929 4320 1179 4372 semissis.

470 4453 641 4525 2245
708 4457 774 4517 P.
806 4456 1008 4518 Clodio
1041 4457 1107 4519 P.
1137 4459 1179 4518 s.
1212 4456 1335 4518 Vol.
1376 4455 1385 4539 Ι
1425 4457 1599 4532 Alb.¹‚
1644 4456 1766 4517 mil.
1811 4455 1926 4533 leg.
1956 4455 2035 4530 1²,
2075 4453 2084 4536 Ι
2124 4473 2219 4516 an.
2252 4453 2464 4516 XLIIX
2505 4454 2641 4533 stip.
2687 4452 2858 4528 XXV,

357 4559 415 4620 b.
461 4578 508 4621 s.
556 4578 607 4620 e.

300 4556 310 4642 Ι
465 4658 688 4711 Bonnae
725 4657 1055 4725 (Brambacli
1089 4661 1185 4711 486
1223 4658 1398 4724 vidit).
1432 4687 1499 4697 -
1552 4663 1599 4723 1)
1651 4656 2012 4723 Significatur
2047 4656 2185 4709 Alba
2221 4656 2508 4708 Helvorum
2549 4657 2862 4722 provinciae

300 4741 666 4795 Narbonensis
704 4742 786 4811 (G.
819 4742 930 4795 XII
953 4760 1010 4810 p.
1044 4745 1192 4813 336).
1226 4771 1296 4785 --
1331 4745 1381 4809 2)
1416 4743 1583 4810 Legio
1611 4745 1796 4810 prima
1836 4745 2138 4809 conscripta
2173 4746 2236 4793 ut
2260 4741 2472 4793 videtur
2500 4746 2622 4807 post
2658 4741 2861 4791 cladem
