3432 5387
496 334 619 393 248
1187 415 1195 423 ·
1604 336 1785 406 Caput
1817 334 1942 390 1111.

670 506 843 577 1127
908 508 965 570 d.
1009 528 1088 570 m.
1128 505 1137 592 Ι
1178 509 1252 571 Μ.
1292 509 1534 571 Antonii
1570 510 1729 571 Antii
1776 509 1963 591 Lupi¹
2009 528 2121 590 pr.,
2161 506 2172 592 Ι
2212 509 2462 589 patricii,
2506 509 2763 589 auguris,
2808 519 3057 588 quaest„

500 611 684 675 sodal.
730 612 900 686 Titii,
962 612 1097 673 trib.
1137 611 1147 693 Ι
1186 611 1306 672 mil.
1352 611 1464 692 leg.
1512 611 1564 672 ll
1609 611 1836 674 Adiutr.
1883 611 2013 691 piae
2058 611 2245 685 fidel„
2303 610 2462 672 Xvir.
2521 610 2616 673 stl.
2662 610 2815 684 iud.,
2871 611 3057 690 praef.

502 714 610 775 fer.
650 711 661 793 Ι
700 714 847 788 Lat.,
893 713 1063 777 cuius
1106 690 1450 810 memoriafi
1481 732 1590 793 per
1620 715 1735 774 vim
1766 713 2035 793 oppressi
2066 713 2127 774 in
2167 709 2178 795 Ι
2217 714 2515 793 integrum
2560 713 2888 774 secundum
2932 731 3057 773 am-

501 814 748 895 plissimi
793 816 1019 878 ordinis
1056 815 1066 899 Ι
1104 816 1443 878 consultum
1490 816 1757 878 restituta
1803 815 1935 878 est.²
2022 814 2414 895 Sepulchrum
2466 815 2539 876 ab
2601 833 2671 875 eo
2716 824 2996 894 coeptum
3045 809 3057 895 Ι

504 916 775 978 Claudiae
819 918 1079 997 Regillae
1125 919 1293 979 uxori
1339 927 1398 979 et
1441 918 1647 979 Antiae
1689 917 2065 980 Marcellinae
2111 917 2189 978 fil.
2229 916 2238 1000 Ι
2279 917 2512 997 pietatis
2554 935 2695 978 suae
2738 934 2875 996 erga
2920 933 3056 978 eum

500 1018 897 1081 testificandae
941 1020 1128 1100 gratia
1172 1032 1232 1082 et
1269 1017 1280 1102 Ι
1321 1018 1579 1080 nominis
1624 1019 1751 1081 eius
1796 1019 1855 1081 in
1893 1028 2250 1099 perpetuum
2294 1019 2629 1080 celebrandi
2673 1000 3061 1097 perfecerunt

500 1120 711 1181 atfines
747 1119 758 1199 Ι
796 1120 873 1182 Μ.
918 1121 1183 1184 Valerius
1226 1120 1456 1183 Bradua
1493 1120 1828 1184 Mauricus’
1872 1121 2086 1202 pontif.
2133 1130 2192 1182 et
2220 1119 2478 1181 Antonia
2510 1119 2752 1193 Vitellia,
2790 1116 2804 1201 Ι
2841 1118 3009 1180 amici
3044 1116 3055 1201 Ι

500 1221 571 1293 Q.
619 1221 835 1284 Fabius
878 1222 1238 1296 Honoratus,
1284 1223 1351 1284 T.
1394 1224 1675 1285 Annaeus
1719 1222 2030 1285 Placidus.⁴

671 1321 866 1373 Romae
911 1327 1070 1374 extra
1110 1327 1326 1389 portam
1365 1323 1652 1375 Ostiensem
1697 1326 1757 1374 in
1799 1324 2078 1388 sepulchro
2122 1322 2304 1373 diruto
2338 1337 2475 1373 saec.
2512 1320 2638 1374 XVI
2673 1325 2923 1383 exeunte,
2971 1320 3059 1371 de-

497 1408 831 1474 scripserunt
870 1407 1028 1459 multi
1072 1413 1317 1460 auctores
1358 1424 1495 1460 saec.
1530 1408 1639 1460 XV
1675 1412 1731 1459 et
1764 1407 1895 1459 XVI
1927 1407 2032 1474 (VI
2063 1406 2240 1473 4345).
2287 1435 2355 1443 -
2409 1409 2458 1470 1)
2494 1405 2826 1457 Memor-atm-
2859 1405 3060 1456 Antius

502 1491 687 1557 Lupus
719 1494 862 1543 inier-
896 1496 1093 1544 occisos
1127 1509 1161 1544 a
1201 1492 1499 1558 Commodo,
1537 1495 1627 1544 vit.
1666 1492 1939 1544 Commodi
1974 1508 2018 1544 e.
2055 1492 2101 1544 7.
2145 1518 2211 1529 -
2249 1492 2301 1556 2)
2341 1492 2447 1544 Vn.
2484 1493 2682 1542 Per-tin.
2720 1505 2763 1542 c.
2799 1491 2859 1541 7.·
2907 1506 3059 1541 revo-

503 1577 648 1625 cavit
679 1578 841 1627 etiam
876 1593 962 1628 eos
999 1582 1098 1644 qui
1130 1577 1403 1643 deportati
1434 1575 1660 1638 fuerant
1692 1580 1919 1629 crimino
1952 1578 2260 1639 maiestatis,
2299 1589 2484 1625 eorum
2518 1578 2775 1626 memoria
2810 1578 3058 1625 restituta

504 1662 599 1724 qui
634 1663 797 1711 occisi
828 1660 1066 1722 fuerant.
1101 1691 1170 1699 —
1205 1665 1257 1726 3)
1295 1661 1373 1723 ct:
1408 1661 1476 1715 Ν.
1512 1662 1660 1713 4428.
1697 1690 1762 1700 --
1801 1665 1854 1722 4)
1897 1659 2053 1722 Infra
2101 1659 2356 1725 insculpti
2389 1658 2615 1721 suerunt
2647 1675 2832 1710 versus
2870 1648 3060 1710 Grbeci

505 1750 557 1796 et
594 1746 799 1812 Latini,
835 1763 1065 1813 quorum
1099 1749 1308 1799 lacerae
1342 1751 1551 1798 tantum
1581 1750 1766 1813 partes
1801 1747 2098 1813 descriptae
2130 1750 2274 1799 sunt.

677 1913 847 1985 1128
912 1918 987 1979 Μ.
1035 1918 1297 1980 Valerius
1341 1918 1566 1980 Bradua
1613 1918 1910 1979 Mauricus
1965 1937 2017 1979 c.
2078 1937 2156 1978 m.
2213 1919 2308 1990 v.¹,
2364 1915 2530 1989 cos.²,
2588 1924 2789 1995 pont.,
2845 1914 3060 1977 sodalis

508 2017 909 2094 Hadrianalis,
967 2030 1205 2082 curator
1260 2039 1510 2100 operum
1567 2020 1973 2099 publicorum,
2035 2028 2269 2080 curator
2324 2035 2608 2097 aquarum
2652 2035 2850 2079 sacrae
2894 2016 3058 2078 urbis

503 2130 563 2180 et
606 2121 910 2197 Miniciae,
966 2122 1227 2183 censitor
1281 2121 1618 2201 provinciae
1659 2122 2089 2199 Aquetanicae,
2148 2139 2382 2200 procos.
2443 2119 2780 2199 provinciae
2824 2118 3060 2179 Africae

504 2219 780 2282 balneum
826 2223 984 2302 quod
1027 2224 1188 2285 vivos
1231 2224 1637 2297 inchoaverat,
1692 2223 1763 2295 Q.
1819 2218 2094 2309 Vi[r]ius³
2151 2222 2437 2302 Egnatius
2481 2221 2779 2301 Sulpicius
2823 2220 3059 2281 Priscus

507 2322 869 2399 consularis,
913 2326 1180 2405 pontifex
1226 2334 1285 2386 et
1327 2325 1540 2386 flamen
1586 2324 1700 2386 divi
1747 2325 1978 2398 Severi,
2036 2334 2276 2386 curator
2317 2340 2605 2401 aquarum
2649 2341 2850 2384 sacrae
2894 2321 3058 2383 urbis

505 2432 565 2484 et
594 2424 865 2486 Miniciae
909 2426 1234 2506 eodemque
1279 2436 1548 2507 tempore
1591 2427 1926 2508 praefectus
1955 2426 2392 2499 alimentorum,
2436 2424 2766 2506 perfectum
2799 2417 3058 2508 Albi[n]-

506 2521 964 2611 ga[u]nensibus
1008 2523 1379 2613 a[t]signavit.

532 2701 535 2704 y
674 2627 1011 2692 Albingauni
1033 2631 1091 2679 in
1116 2644 1215 2679 ora
1239 2628 1501 2695 Liguriae
1527 2629 1612 2695 (V
1622 2629 1755 2681 7785
1787 2628 1948 2679 semel
1977 2628 2245 2693 descripta
2267 2644 2403 2680 saec.
2427 2627 2537 2679 XV
2562 2629 2790 2677 exeunte
2824 2626 3062 2675 versibus

503 2727 612 2762 non
648 2711 875 2781 divisis).
902 2742 965 2751 —
997 2716 1042 2778 1)
1070 2713 1409 2766 Clarissimus
1442 2718 1733 2767 memoriae
1755 2717 1857 2766 vir.
1881 2741 1947 2752 -
1973 2717 2025 2778 2)
2053 2713 2246 2766 Consul
2279 2712 2391 2775 suit
2427 2714 2739 2765 ordinarius
2773 2727 2822 2763 a.
2847 2711 2956 2762 494.
2992 2739 3063 2749 -

506 2799 558 2861 3)
595 2797 796 2864 quieius
832 2800 1101 2862 traditum
1136 2804 1356 2851 corr-eati
1389 2816 1458 2851 ex
1493 2800 1650 2851 titulo
1678 2799 1756 2851 VI
1777 2798 1918 2861 4541,
1952 2801 2048 2850 ubi
2085 2798 2142 2862 Q.
2166 2800 2354 2852 Virius
2388 2799 2619 2850 Larcius
2654 2797 2926 2862 Sulpicius
2959 2796 3062 2846 ali-

506 2884 626 2947 quis
659 2888 990 2934 memoratur
1025 2900 1143 2935 cum
1179 2885 1358 2936 eodem
1396 2885 1613 2936 Bradua
1652 2883 1899 2934 Maurico
1936 2885 2151 2935 consule
2185 2888 2238 2934 et
2268 2882 2549 2950 pontifice,
2595 2886 2649 2933 et
2680 2881 2733 2934 Χ
2760 2884 2911 2949 8059,
2948 2880 3059 2934 454.

679 3051 847 3124 1129
911 3056 988 3116 Μ.
1014 3056 1244 3119 Aufidio
1268 3058 1576 3132 Frontoni,
1604 3054 1613 3140 Ι
1640 3058 1958 3137 pronepoti
1991 3057 2066 3117 M.
2093 3056 2329 3118 Corneli
2363 3053 2371 3139 Ι
2404 3055 2727 3116 Frontonis
2757 3053 3008 3115 oratoris
3021 3053 3060 3125 ¹,

507 3156 786 3232 consulis,
830 3158 1092 3238 magistri
1130 3157 1141 3240 Ι
1181 3160 1602 3239 imperatorum
1649 3159 1794 3221 Luci
1840 3168 1898 3220 et
1941 3159 2248 3233 Antonini,
2274 3156 2284 3241 Ι
2314 3157 2584 3237 nepotis²
2627 3156 2818 3218 Aufidi
2864 3155 3062 3216 Victo-

506 3257 624 3318 rini
663 3255 674 3339 Ι
715 3259 993 3338 praefecti
1038 3260 1192 3335 urbi,
1239 3260 1329 3322 bis
1374 3261 1688 3336 consulis³,
1729 3260 1739 3343 Ι
1779 3261 2004 3322 Fronto
2052 3260 2295 3322 consul⁴
2332 3260 2343 3342 Ι
2383 3260 2501 3321 filio
2547 3258 2904 3320 dulcissim0.

678 3358 895 3408 Pisauri
929 3358 1182 3424 (Olivieri
1214 3375 1401 3414 marm.
1427 3363 1530 3412 Pis.
1556 3377 1618 3426 p.
1638 3362 1728 3426 30,
1763 3359 1974 3428 LXIX).
2007 3388 2070 3398 —
2103 3363 2151 3424 1)
2184 3360 2357 3411 Huius
2378 3361 2675 3412 Frontonis
2701 3358 2916 3409 titulum
2942 3356 3062 3407 vide

512 3440 665 3502 infra
691 3445 749 3493 in
775 3446 950 3508 capito
975 3443 1040 3493 de
1064 3447 1195 3495 viris
1218 3444 1487 3498 litteralis.
1546 3445 1744 3497 Consul
1764 3443 1876 3506 suit
1898 3462 1948 3497 a.
1972 3447 2086 3497 443.
2105 3474 2172 3484 -
2192 3448 2244 3508 2)
2268 3445 2440 3497 Ser-ib.
2466 3444 2658 3511 nepoti.
2679 3472 2742 3481 —
2764 3445 2814 3506 3)
2842 3443 2894 3494 0.
2911 3440 3063 3502 Auti-

509 3527 632 3577 ἀίω
671 3528 1008 3594 Victorinus,
1053 3529 1348 3581 Frontonis
1395 3533 1631 3582 oratoris
1671 3546 1866 3596 gener,
1913 3531 2101 3582 consul
2143 3533 2339 3581 iterum
2381 3528 2493 3590 fuit
2531 3545 2581 3581 a.
2618 3528 2738 3581 483.
2774 3556 2838 3565 —
2876 3529 2927 3590 4)
2964 3525 3065 3575 Est

508 3610 582 3663 M.
618 3612 870 3675 Aufidius
902 3614 1112 3665 Fronto
1150 3615 1338 3665 consul
1370 3616 1684 3667 ordinarius
1719 3633 1769 3668 α.
1794 3616 1904 3668 499.

681 3781 849 3852 113⁰
915 3785 975 3846 C.
1031 3786 1259 3847 Fufidio
1317 3783 1525 3869 Atltico
1586 3806 1636 3850 e.
1691 3805 1771 3848 m.
1829 3789 1904 3847 ν)
1955 3784 1964 3870 Ι
2019 3787 2079 3849 C.
2125 3787 2388 3848 Fufidius
2433 3782 2677 3864 Atlticus
2733 3802 2784 3844 v.
2842 3800 2893 3843 c.
2940 3800 3064 3843 cos.

510 3883 682 3970 fillius
726 3895 787 3947 et
829 3886 1080 3970 Neratila
1125 3887 1431 3950 Marullina
1470 3887 1480 3970 Ι
1521 3907 1571 3950 c.
1615 3888 1656 3948 f.
1703 3907 1906 3950 norus.

688 4000 848 4072 1131
918 4005 979 4067 C.
1025 4006 1261 4069 Neratio
1306 4005 1550 4090 Fulfidio
1583 3994 1859 4068 {tuniano
1899 4005 1908 4088 Ι
1951 4006 2138 4068 Fufidi
2183 4006 2357 4067 Attici
2403 4023 2453 4066 c.
2497 4024 2551 4064 v.
2581 4004 2588 4086 Ι
2622 4022 2680 4082 q.
2727 4002 2874 4063 des.²
2918 3995 3065 4082 61.,Ι

508 4105 706 4167 Nerati
739 4107 953 4169 Prisci³
984 4127 1105 4170 cos.
1145 4104 1157 4190 Ι
1196 4109 1418 4188 nepoti,
1459 4108 1470 4189 Ι
1508 4109 1646 4170 Acci
1679 4108 1890 4170 Iuliani
1926 4127 2046 4170 cos.
2088 4107 2098 4191 Ι
2137 4107 2471 4189 pronepoti,
2514 4103 2523 4186 Ι
2561 4104 2894 4184 municipes
2923 4105 3064 4164 Sae-

507 4206 775 4291 pinatsses.

682 4324 852 4396 1132
917 4327 978 4388 C.
1025 4328 1261 4389 Neratio
1306 4325 1550 4410 Fnflldio
1596 4328 1818 4403 Prisco,
1859 4327 1868 4410 Ι
1908 4328 2095 4389 Fufidi
2141 4327 2316 4389 Attici
2356 4326 2365 4409 Ι
2404 4346 2456 4388 c.
2509 4346 2562 4386 V.
2609 4346 2666 4406 q.
2713 4325 2863 4386 des.²
2905 4324 3003 4398 fil„
3053 4320 3064 4406 Ι

510 4427 710 4489 Nerati
755 4428 971 4491 Prisci³
1016 4449 1135 4492 cos.
1176 4428 1186 4511 Ι
1227 4429 1448 4510 nepoti,
1500 4430 1638 4490 Acci
1686 4428 1913 4514 Iulialni
1959 4450 2078 4493 cos.
2124 4429 2461 4512 pronepoti,
2501 4426 2511 4510 Ι
2552 4427 2880 4508 municipes
2925 4426 3064 4487 Sae-

506 4525 776 4612 pi1nates.

682 4628 906 4696 Saepini
954 4631 1012 4681 in
1059 4631 1281 4682 Samnio
1331 4631 1428 4696 (IX
1461 4633 1613 4684 2450.
1647 4634 1784 4686 2452
1830 4632 1969 4682 vidit
2015 4632 2242 4684 Dressel.
2309 4631 2439 4685 2454
2487 4631 2650 4682 deser.
2703 4627 2952 4694 Car-aba).
2995 4653 3067 4664 —

516 4715 561 4776 1)
599 4713 870 4778 Egregiae
903 4718 1190 4766 memoriae
1226 4719 1375 4781 viro,-
1419 4718 1629 4769 saeculo
1665 4719 1724 4769 II
1755 4721 1982 4769 exeunte
2020 4717 2100 4768 vel
2134 4719 2291 4769 tertio
2327 4718 2558 4782 scriptos
2593 4730 2699 4765 esse
2734 4712 2921 4764 titulos
2967 4711 3068 4761 lzoc
