3432 5387
1326 408 1496 464 Tituli
1532 408 1816 464 militares.
2739 406 2858 465 397

300 585 551 667 proinde
597 585 818 646 liberos
861 585 1073 645 tollant
1115 602 1183 645 ac
1226 584 1275 645 si
1322 602 1393 645 ex
1437 582 1673 645 duobus
1716 582 1945 646 civibus
1980 584 2262 646 Romanis
2296 593 2482 646 natos.
2558 589 2625 645 A.
2658 586 2713 645 d.
2763 584 2870 644 1111

304 707 445 748 non.
503 686 844 749 Decembr.²
902 686 1160 748 Galeone
1230 686 1505 747 Tettieno
1579 685 1983 760 Petroniam,
2055 687 2132 747 M.
2194 686 2397 747 Fulvio
2457 686 2689 749 Gillone
2746 706 2869 748 cos.

471 790 605 849 coh.
650 789 724 849 vl
769 808 893 869 pr.:
940 789 1007 849 L.
1055 788 1254 850 Ennio
1301 787 1367 848 L.
1414 789 1456 847 f.
1502 788 1642 847 Tro.
1690 786 1919 863 Feroci,
1964 789 2149 867 Aquis
2193 787 2493 850 Statellis.¹³

476 890 849 971 Descriptum
895 900 955 952 et
999 890 1369 968 recognitum
1418 909 1486 950 ex
1545 888 1740 950 tabula
1786 907 1997 963 aenea,
2056 907 2206 969 quae
2250 891 2362 950 fixa
2409 899 2499 951 est
2543 890 2761 950 Romae
2808 890 2865 950 in

308 992 591 1074 Capitolio
639 994 698 1054 in
745 993 870 1054 basi
914 993 1066 1054 lovis
1110 991 1309 1052 Africi.

485 1109 700 1161 Tabella
738 1125 918 1175 aenea,
951 1125 1081 1175 pars
1112 1111 1271 1175 prior
1305 1108 1566 1175 diptycki,
1594 1124 1769 1175 prope
1803 1107 2090 1175 Kustendje
2128 1108 2370 1175 (Tomos)
2409 1125 2538 1175 rep„
2573 1113 2648 1160 est
2677 1110 2875 1161 Vindo-

307 1199 475 1247 bonae
522 1195 632 1261 (ΙΙΙ
660 1198 713 1261 p.
747 1196 895 1262 855).
934 1222 1000 1231 —
1051 1198 1100 1257 1)
1137 1195 1201 1245 A.
1236 1195 1324 1255 76,
1386 1196 1436 1257 2)
1481 1194 1517 1244 2
1564 1194 1690 1245 Dec.
1741 1223 1807 1232 —
1857 1197 1909 1258 3)
1959 1194 2164 1246 Nomen
2216 1196 2406 1246 militis
2440 1195 2654 1245 videtur
2694 1198 2876 1259 postea

308 1281 572 1332 adiectum
607 1283 665 1330 in
699 1282 874 1345 spatio
911 1284 1068 1330 antea
1106 1294 1277 1329 vacuo
1312 1278 1517 1330 relicto.

477 1448 648 1518 1994
716 1495 980 1511 ......
1029 1446 1152 1535 [qui
1193 1468 1393 1511 eorum
1420 1469 1638 1512 umores
1667 1446 1810 1535 non]
1857 1448 2097 1524 habent,
2142 1451 2191 1511 si
2223 1452 2323 1530 qui
2354 1470 2560 1512 eorum
2599 1453 2877 1514 seminam

311 1555 686 1635 peregrinam
730 1538 960 1615 duxerit
1005 1553 1307 1613 dumtaxat
1349 1552 1566 1631 singuli
1613 1553 1879 1632 singulas
1933 1571 2079 1632 quas
2137 1554 2331 1633 primo
2377 1554 2685 1627 duxerint,
2743 1572 2875 1616 cum

311 1657 382 1718 iis
425 1655 683 1716 habeant
726 1655 1070 1716 conubium.
1146 1654 1274 1714 Hoc
1320 1672 1560 1732 quoque
1605 1655 1675 1715 iis
1721 1654 1938 1727 tribuo,
1986 1663 2050 1716 ut
2080 1672 2229 1734 quos
2275 1674 2447 1733 agros
2491 1675 2522 1716 a
2569 1676 2663 1717 me
2709 1676 2876 1717 acce-

310 1760 509 1840 perint
554 1775 767 1837 quasve
826 1775 920 1818 res
976 1756 1370 1836 possederunt
1428 1756 1508 1816 lll
1559 1756 1613 1816 k.
1664 1752 1995 1842 [l]anuar.¹‚
2058 1757 2172 1817 Sex
2220 1758 2438 1819 Marcio
2487 1758 2709 1833 PriscO,
2770 1759 2876 1819 Cn.

314 1859 553 1921 Pinario
598 1857 844 1918 Aemilio
892 1857 1240 1919 cicatricula
1286 1857 1452 1933 cos.²,
1498 1860 1618 1921 sint
1666 1860 1977 1921 immunes.

653 2007 667 2022 .
714 2005 730 2021 .
779 1960 847 2020 ΙΙΙ
877 1948 991 2020 ΞΙΧ
1028 1958 1088 2020 ΙΙΙ
1116 1960 1177 2020 C.
1226 1961 1264 2019 f.
1313 1959 1540 2021 Galeria
1588 1961 1895 2021 Saturnini
1942 1955 2218 2045 [C]lunia,
2267 1961 2397 2022 cho.
2448 1961 2497 2023 11
2543 1983 2633 2042 pr.

490 2077 691 2129 Tabula
728 2092 922 2137 aenea,
959 2075 1201 2140 diptycha·
1229 2091 1363 2141 pars
1393 2079 1693 2142 posterior,
1744 2076 1938 2127 Romae
1971 2094 2082 2142 rep.
2122 2094 2171 2130 a.
2207 2077 2333 2128 4894
2379 2086 2436 2127 in
2484 2078 2635 2128 alveo
2678 2076 2881 2128 Tiberis

314 2164 610 2225 (Barnabei
642 2163 972 2213 monumenti
1004 2161 1202 2211 inediti
1236 2161 1533 2225 pubblicati
1562 2177 1665 2225 per
1705 2176 1840 2211 cura
1877 2161 1996 2211 delt’
2044 2162 2172 2215 Ace.
2210 2163 2297 2212 dei
2340 2163 2530 2214 Lincei
2573 2162 2604 2212 I
2637 2179 2695 2228 p.
2742 2164 2883 2231 434).

314 2250 560 2301 Alterum
596 2252 806 2299 tantum
855 2247 996 2297 latus
1033 2245 1257 2297 tabellae
1303 2248 1562 2311 scriptum
1599 2251 1706 2310 est,
1751 2246 2007 2308 alterum,
2059 2262 2195 2311 quae
2239 2245 2355 2307 fuit
2389 2249 2631 2314 diptychi
2674 2250 2883 2314 pagina

319 2337 541 2401 quarta,
578 2348 803 2383 vacuum
839 2334 1126 2393 remansit,·
1162 2332 1379 2381 videtur
1414 2334 1589 2396 igitur
1622 2334 1681 2381 in
1720 2333 1820 2381 hoc
1856 2331 2113 2398 diptycho
2147 2333 2300 2383 nulla
2334 2336 2609 2398 scriptura
2646 2337 2886 2384 exterior

316 2418 486 2481 fuisse
528 2422 747 2484 praeter
794 2421 977 2468 notam
1020 2418 1410 2480 recognitionis
1455 2421 1505 2466 et
1553 2420 1772 2467 nomina
1820 2420 2163 2480 signatorum
2207 2418 2484 2483 deperdita
2534 2434 2653 2469 cum
2700 2420 2885 2469 tabula

313 2507 516 2571 priore.
585 2503 667 2552 De
702 2505 1043 2567 imperatore,
1092 2503 1246 2552 cuius
1280 2517 1469 2551 nomen
1507 2505 1566 2551 in
1600 2504 1870 2568 principio
1901 2505 2093 2567 periit,
2133 2498 2203 2561 cs.
2240 2506 2347 2554 not.
2385 2503 2433 2556 4.
2467 2504 2522 2553 2.
2560 2531 2624 2540 --
2665 2506 2711 2566 1)
2763 2503 2888 2553 Dies

318 2590 520 2641 natalis
562 2587 669 2639 Titi
706 2586 878 2652 (Suet.
921 2585 1019 2638 Tit.
1054 2588 1126 2649 2,·
1161 2585 1491 2650 Philocalus,
1543 2585 1596 2637 C.
1635 2586 1662 2636 I
1698 2601 1756 2650 p.
1790 2587 1951 2653 356);
1993 2587 2136 2637 unde
2170 2590 2400 2637 coniecit
2435 2588 2721 2638 Mommsen
2770 2587 2886 2653 (ap.

325 2674 679 2727 Barnabeium
718 2674 753 2725 l.
791 2689 831 2726 c.
865 2689 918 2739 p.
954 2675 1097 2738 436),
1131 2675 1305 2736 ipsum
1336 2670 1514 2722 Titum
1549 2672 1727 2723 natali
1762 2686 1858 2722 suo
1885 2674 2151 2722 veteranis
2175 2673 2306 2722 llaec
2334 2674 2580 2738 praemia
2618 2674 2884 2724 tribuisse.

320 2791 386 2799 -—
425 2763 476 2825 2)
513 2759 636 2811 Sex.
686 2759 925 2810 Marcius
968 2761 1183 2809 Priscus
1232 2756 1440 2822 legatus
1490 2757 1692 2823 Lyciae
1740 2760 1791 2806 et
1838 2757 2190 2823 Pamphyliae
2235 2756 2349 2818 fuit
2393 2760 2488 2807 sub
2540 2758 2887 2823 Vespasiano,

320 2849 537 2897 testibus
573 2845 935 2911 compluribus
980 2844 1156 2894 titulis
1194 2843 1393 2909 Lyciae
1444 2843 1523 2904 (C.
1562 2843 1602 2893 1.
1661 2842 1753 2894 Gr.
1786 2843 1934 2894 4270.
1976 2843 2105 2894 4274
2157 2840 2226 2903 cll
2276 2859 2328 2907 p.
2366 2842 2528 2904 4424,·
2573 2844 2713 2896 Ann.
2760 2845 2888 2894 inst.

321 2933 468 2982 areli.
506 2930 639 2981 4852
682 2946 734 2995 p.
773 2930 899 2991 157,·
944 2929 1171 2980 Journal
1202 2925 1273 2988 os
1312 2927 1431 2978 hell.
1468 2927 1669 2977 studies
1704 2928 1769 2979 40
1795 2944 1854 2993 p.
1892 2929 1962 2980 73
1997 2944 2047 2978 n.
2072 2929 2186 2992 25),
2222 2927 2596 2979 CruPinarius
2629 2928 2891 2978 Aemilius

321 3014 649 3068 Cicatrieula
687 3015 894 3079 legatus
927 3015 1239 3065 Pannoniae
1274 3029 1323 3063 a.
1359 3014 1426 3064 98
1462 3012 1663 3079 (dipl).
1735 3012 1947 3064 Certum
1995 3016 2072 3062 est
2105 3015 2282 3076 igitur
2327 3011 2501 3073 fasces
2531 3015 2758 3078 gessisse
2795 3015 2890 3063 hos

319 3101 560 3151 consules
607 3100 931 3164 temporibus
968 3098 1301 3149 Flauiorum.
1361 3098 1674 3149 Momm-seni
1723 3100 2032 3149 coniectura
2085 3098 2222 3163 (not.
2259 3099 2312 3164 4)
2359 3101 2410 3147 si
2455 3114 2582 3148 vera
2618 3103 2719 3163 est,
2768 3114 2889 3149 con-

318 3186 461 3235 sules
495 3181 717 3244 suerunt
749 3189 987 3234 extremo
1024 3198 1167 3232 anno
1191 3183 1254 3234 79
1291 3181 1440 3247 (nam
1466 3187 1704 3233 extremo
1744 3200 1886 3235 anno
1907 3185 1974 3234 80
2011 3183 2146 3234 alios
2171 3184 2410 3233 consules
2433 3181 2602 3244 fuisse
2636 3186 2888 3251 constat).

494 3336 660 3407 1995
727 3340 868 3421 imp.
930 3339 1143 3402 Caesar
1198 3340 1309 3401 divi
1356 3340 1696 3421 Vespasiani
1746 3343 1785 3401 f.
1839 3340 2210 3401 Domitianus
2172 3342 2568 3433 —Augustus
2626 3341 2891 3418 pontifex

324 3443 628 3518 maximus,
675 3443 955 3504 tribunic.
999 3450 1274 3523 potestat.
1322 3441 1392 3516 11,
1441 3443 1580 3522 imp.
1630 3442 1702 3516 11,
1760 3462 1818 3521 p.
1865 3462 1945 3521 p.
2011 3462 2129 3504 cos.
2172 3426 2309 3502 V—lll
2371 3443 2654 3521 designat.
2679 3443 2893 3517 Vllll¹,

324 3547 394 3606 iis
439 3547 539 3623 qui
582 3545 980 3606 militaverunt
1026 3544 1255 3622 equites
1286 3554 1345 3604 et
1374 3543 1603 3623 pedites
1651 3545 1713 3605 in
1761 3543 1867 3604 alis
1903 3544 2167 3623 quinque
2200 3553 2258 3604 et
2288 3544 2637 3606 cohortibus
2684 3565 2894 3606 novem

325 3664 476 3725 quae
533 3647 906 3726 appellantur
949 3632 1097 3724 (1)Ῑ
1163 3645 1356 3707 Flavia
1437 3646 1681 3707 Gemina
1745 3657 1804 3707 et
1861 3648 1932 3724 (2)
1986 3645 2010 3705 1
2068 3646 2560 3707 Cannenesatium
2621 3658 2679 3708 et
2727 3649 2798 3725 (3)
2843 3649 2896 3708 ll

327 3747 520 3807 Flavia
567 3748 809 3808 Gemina
857 3760 915 3811 et
947 3751 1020 3827 (4)
1067 3748 1463 3809 Scuhulorum
1512 3758 1569 3808 et
1617 3750 1688 3826 (5)
1737 3747 2134 3821 Picentiana2,
2181 3758 2239 3808 et
2281 3750 2351 3824 (1)
2382 3733 2432 3808 Ῑ
2467 3748 2894 3812 Germanorum

328 3859 386 3909 et
423 3851 495 3926 (2)
538 3850 563 3909 l
606 3851 1038 3930 Aquitanorum
1084 3859 1144 3911 et
1174 3852 1245 3927 (3)
1281 3853 1303 3911 l
1352 3855 1629 3912 Asturum
1680 3861 1739 3911 et
1768 3852 1841 3928 (4)
1860 3835 1912 3909 Ῑ
1946 3851 2239 3911 Thracum
2287 3860 2344 3910 et
2376 3853 2448 3927 (ὁ)
2481 3852 2530 3912 ll
2577 3850 2896 3911 Raetorum

330 3962 390 4011 et
420 3953 496 4028 (6)
524 3951 577 4011 ll
622 3963 678 4011 et
710 3953 784 4029 (7)
816 3953 889 4014 lll
937 3961 996 4014 et
1035 3956 1108 4031 (8)
1142 3953 1248 4014 1111
1293 3956 1724 4033 Aquitanorum
1774 3964 1834 4013 et
1881 3953 1954 4029 (9)
2000 3953 2100 4012 Vll
2147 3952 2518 4025 Raetorum³,
2566 3964 2624 4013 et
2653 3961 2794 4012 sunt
2839 3951 2896 4010 in

332 4053 682 4115 Germania⁴
728 4055 836 4116 sub
884 4055 954 4126 Q.
990 4054 1240 4117 Corellio
1286 4056 1475 4117 Ruto‘
1482 4103 1497 4131 ,
1556 4057 1693 4117 item
1741 4056 1804 4116 in
1853 4055 1939 4116 ala
1974 4055 2209 4116 Claudia
2259 4073 2407 4115 nova
2454 4065 2512 4114 et
2556 4051 2900 4115 cohortibus

335 4155 565 4217 duabus
609 4157 681 4236 (1)
725 4157 806 4218 ΙΙΙ
851 4158 1150 4219 Gallorum
1198 4168 1254 4219 et
1301 4160 1374 4235 (2)
1407 4159 1450 4217 V
1501 4156 1958 4238 Hispanorum⁶,
2022 4176 2171 4236 quae
2218 4166 2358 4218 sunt
2402 4157 2463 4216 in
2511 4155 2727 4215 Moesia
2787 4152 2897 4214 sub

332 4256 394 4317 C.
441 4256 753 4321 Vettuleno
801 4260 988 4321 Civica
1037 4259 1310 4334 Ceriale⁷‚
1373 4261 1573 4339 quinis
1618 4269 1678 4322 et
1733 4260 1957 4321 vicenis
2001 4259 2343 4339 pluribusve
2387 4257 2698 4336 stipendiis
2741 4273 2900 4316 eme-

328 4360 458 4421 ritis
514 4361 769 4423 dimissis
823 4363 1070 4423 honesta
1126 4363 1435 4437 missione,
1503 4382 1760 4442 quorum
1826 4362 2066 4423 nomina
2129 4360 2462 4438 subscripta
2518 4368 2688 4420 sunt:
2759 4359 2902 4437 ipsis

331 4460 536 4523 liberis
580 4464 954 4542 posterisque
984 4482 1191 4525 eorum
1239 4465 1532 4526 civitatem
1572 4466 1733 4526 dedit
1780 4474 1837 4524 et
1883 4461 2206 4524 conubium
2240 4479 2372 4521 cum
2407 4460 2710 4536 uxoribus»,
2758 4478 2903 4539 quas

334 4572 481 4624 tunc
527 4564 891 4639 habuissent,
938 4584 1073 4626 cum
1119 4575 1207 4626 est
1253 4568 1451 4628 civitas
1497 4568 1566 4629 iis
1609 4567 1762 4638 data,
1823 4575 1922 4626 aut
1966 4566 2015 4625 si
2060 4565 2160 4642 qui
2207 4564 2459 4626 caelibes
2504 4574 2721 4638 essent,
2769 4581 2903 4625 cum

333 4663 404 4725 iis
450 4685 596 4744 quas
640 4677 845 4748 postea
890 4668 1199 4729 duxissent
1244 4669 1543 4730 dumtaxat
1586 4668 1804 4746 singuli
1848 4667 2130 4745 singulas.
2199 4669 2266 4728 A.
2313 4668 2367 4728 d.
2414 4666 2523 4727 XII
2567 4667 2624 4727 k.
2659 4666 2901 4728 Octobr.

334 4765 410 4825 Μ.
457 4767 666 4830 Larcio
714 4770 927 4849 Magno
975 4770 1257 4850 Pompeio
1303 4771 1525 4845 Silone,
1573 4771 1640 4830 T.
1687 4770 1929 4830 Aurelio
1979 4769 2192 4840 Quieto
2239 4769 2383 4831 cos.⁸
