3432 5387
644 441 818 497 Tituli
851 441 1223 497 ministrorum
1257 443 1448 498 domus
1483 445 1766 511 Augustae
1801 442 2137 499 condIcionis
2173 443 2462 499 libertinae
2497 449 2554 499 et
2590 445 2817 499 servilis.
2882 443 3006 503 363

604 612 780 684 1811
850 616 940 678 dis
983 615 1210 677 manib.
1249 614 1261 700 Ι
1302 615 1517 677 Gamus
1572 616 1725 694 Aug.
1782 616 1821 677 l.
1868 634 2071 697 praep.
2117 617 2245 678 auri
2284 615 2295 700 Ι
2334 618 2550 692 escari,
2612 619 2750 680 fecit
2790 618 2903 680 sibi
2949 631 3007 680 et

436 716 446 804 Ι
506 720 735 781 Flaviae
781 718 979 799 Tyche
1024 719 1264 797 coniugi
1314 715 1325 800 Ι
1365 719 1518 781 bene
1578 718 1866 795 merenti,
1929 729 1988 780 et
2043 718 2269 781 libertis
2320 722 2331 797 Ι
2384 719 2824 800 libertabusque
2880 722 3004 783 suis

432 822 813 903 posterisque
849 819 861 902 Ι
902 839 1129 897 eorum,
1177 830 1236 881 et
1272 818 1283 903 Ι
1323 820 1502 883 Felici
1548 819 1713 883 Caes.
1763 840 1823 883 n.
1867 839 2084 883 vernae
2130 822 2536 901 posterisque,
2576 819 2586 904 Ι
2626 833 2685 884 et
2727 824 2793 885 P.
2837 823 3004 885 Aelio

434 925 587 1004 Aug.
631 924 670 985 l.
719 921 1028 985 Constanti
1071 923 1214 984 filio.

598 1022 812 1088 Romae,
847 1039 994 1074 nune
1027 1023 1342 1075 Florentiae
1378 1022 1486 1086 (VI
1512 1023 1650 1075 8752
1689 1023 1826 1074 vidit
1860 1024 2113 1086 Henzen).

602 1159 773 1231 1812
835 1161 892 1221 d.
932 1179 1009 1221 m.
1052 1159 1061 1242 Ι
1100 1161 1178 1221 Μ.
1229 1160 1433 1242 Ulpius
1477 1162 1625 1242 Aug.
1674 1161 1775 1223 lib.
1816 1162 1827 1238 Ι
1867 1161 2080 1222 Hierax
2120 1158 2130 1245 Ι
2168 1163 2542 1243 praepositus
2587 1164 2716 1225 auri
2753 1162 2764 1246 Ι
2803 1165 3001 1245 potori

435 1261 446 1346 Ι
494 1264 757 1326 Caesaris
802 1283 886 1338 n.‚
926 1262 936 1347 Ι
976 1262 1135 1324 fecit.

600 1363 796 1415 Romae
832 1363 937 1429 (Vl
970 1364 1110 1416 8755
1142 1363 1281 1414 vida
1318 1362 1509 1427 cates).

601 1498 771 1570 1813
837 1502 893 1563 d.
924 1521 1003 1563 m.
1040 1497 1050 1579 Ι
1082 1501 1328 1562 Britiae¹
1362 1500 1675 1562 Communi
1703 1501 1844 1563 fecit
1872 1498 1883 1582 Ι
1917 1502 2122 1563 Brittia
2151 1502 2407 1564 Moschis
2437 1504 2692 1582 optimae
2723 1499 2736 1586 Ι
2767 1505 3001 1584 parenti

431 1605 589 1667 bene
642 1605 716 1665 de
773 1623 838 1666 se
882 1604 1161 1677 meritae,
1221 1613 1283 1664 et
1334 1600 1343 1683 Ι
1395 1601 1659 1664 Gemello
1716 1603 1867 1682 Aug.
1927 1603 2029 1667 lib.
2088 1606 2424 1685 praeposito
2481 1603 2727 1691 argenlti
2782 1607 3002 1686 potori,

430 1706 626 1786 coiugi
650 1705 875 1785 optimo
897 1700 1450 1786 indulgentissimo,
1481 1714 1542 1766 et
1565 1704 1677 1766 sibi
1702 1713 1763 1765 et
1782 1705 1924 1779 suis,
1956 1705 2181 1769 libertis
2209 1706 2653 1787 libertabusque
2680 1705 2688 1790 Ι
2717 1708 3001 1788 posteris-

514 1828 546 1871 θ
590 1826 816 1870 eorum.

429 1828 509 1889 ¹1¹¹
603 1907 802 1960 Romae
839 1908 947 1974 (VI
974 1908 1109 1960 8729
1145 1908 1311 1959 deser.
1349 1906 1582 1958 Smetim
1615 1906 1860 1974 aliique).
1897 1935 1965 1945 —
2003 1910 2051 1972 1)
2088 1907 2179 1959 Sic
2213 1911 2529 1975 apographa
2560 1909 2830 1975 pleraque.

605 2042 775 2114 1814
840 2046 898 2107 d.
943 2063 1023 2106 m.
1068 2065 1116 2106 s.
1157 2044 1168 2119 Ι
1206 2043 1537 2105 Philetaero
1576 2042 1588 2125 Ι
1625 2045 1777 2123 Aug.
1823 2043 1924 2106 lib.
1971 2045 2289 2125 praeposit.
2329 2042 2340 2126 Ι
2379 2044 2453 2105 ab
2498 2064 2642 2107 auro
2688 2057 3003 2127 gemmato,

435 2143 446 2228 Ι
506 2147 652 2210 Iulia
697 2147 895 2208 Hieria
932 2143 943 2229 Ι
983 2147 1164 2208 Anthi
1222 2146 1341 2208 filia
1377 2144 1389 2227 Ι
1428 2146 1672 2225 coniugi
1728 2145 1787 2206 b.
1835 2165 1914 2206 m.
1959 2148 2095 2220 fec„
2135 2146 2145 2228 Ι
2186 2157 2245 2208 et
2287 2146 2429 2222 sibi,
2491 2148 2553 2209 in
2598 2168 2742 2223 suo,
2801 2150 2942 2211 item
2989 2148 2999 2232 Ι

431 2248 536 2310 lib.
582 2248 967 2328 libertabusq.
1008 2247 1020 2326 Ι
1059 2248 1370 2328 posterisq.
1415 2266 1622 2309 eorum
1668 2254 1757 2321 (In
1794 2254 1985 2323 latere)
2019 2249 2116 2310 hic
2158 2248 2325 2311 locus
2363 2247 2375 2331 Ι
2414 2261 2795 2314 consacratus
2825 2251 3003 2314 habet

432 2350 613 2412 altum
657 2370 716 2431 p.
763 2349 941 2411 XIIIS
984 2360 1215 2430 suptus.

600 2449 799 2500 Romae
835 2449 944 2515 (VI
970 2449 1102 2501 8754
1138 2449 1422 2515 aliquoties
1455 2450 1726 2514 descripta
1759 2448 1989 2499 saeculis
2021 2453 2435 2519 superioribus).

440 2544 2999 2670 m

431 2699 614 2763 mato,
653 2683 663 2771 Ι
701 2687 841 2750 fecit
869 2687 981 2750 sibi
1011 2699 1070 2750 et
1107 2687 1120 2769 Ι
1158 2687 1362 2769 Ulpiae
1392 2688 1669 2751 Pithusae
1707 2686 1719 2772 Ι
1759 2688 1998 2768 coniugi
2026 2707 2169 2752 suae
2199 2700 2259 2751 et
2295 2685 2305 2773 Ι
2342 2689 2572 2752 libertis
2614 2689 2998 2771 libertabusq.

436 2787 446 2874 Ι
494 2791 617 2853 suis
659 2790 973 2872 posterisq.
1020 2808 1249 2851 eorum.

609 2890 805 2942 Romae
841 2889 1009 2957 (Bull.
1047 2905 1178 2943 com.
1215 2891 1345 2941 4884
1375 2905 1431 2955 p.
1464 2891 1569 2956 46).

603 3023 774 3095 1816
839 3027 895 3088 d.
941 3045 1020 3089 m.
1066 3047 1113 3087 S.
1154 3027 1165 3108 Ι
1202 3027 1273 3088 Τ.
1329 3027 1528 3088 Aelius
1583 3028 1982 3106 Augustorum
2038 3026 2140 3088 lib.
2199 3023 2563 3108 Almemptus
2620 3029 2692 3090 ab
2752 3042 2999 3110 argento

435 3123 745 3209 scaenilco‚
791 3129 933 3191 fecit
958 3149 1024 3192 se
1055 3130 1184 3191 vivo
1216 3140 1277 3190 et
1306 3127 1671 3209 Pomponiae
1708 3125 1720 3210 Ι
1759 3128 2102 3207 Cleopatrae
2146 3129 2385 3209 coniugi
2426 3149 2586 3204 suae,
2633 3141 2693 3192 et
2721 3132 2787 3193 T.
2818 3128 3000 3217 Aellio

435 3232 585 3309 Aug.
625 3229 724 3291 lib.
758 3229 946 3293 Niceti
991 3232 1154 3292 freni
1200 3250 1331 3305 suo,
1376 3240 1437 3292 et
1470 3229 1482 3301 Ι
1522 3229 1622 3291 lib.
1668 3229 2056 3309 libertabusq.
2088 3231 2402 3310 posterisq.
2449 3229 2693 3315 eolrum,
2738 3243 2795 3295 et
2826 3234 3000 3314 Ulpio

433 3330 501 3391 Al
586 3350 620 3392 o
663 3351 795 3396 suo.

508 3349 581 3412 ΥΡ
602 3430 814 3495 Romae,
847 3448 994 3484 nune
1027 3431 1263 3498 Neapoli
1297 3432 1406 3499 (VI
1433 3434 1563 3486 8754
1601 3433 1743 3484 vidit
1776 3432 2109 3499 Mommsen).

604 3565 776 3636 1817
841 3569 1139 3631 Secundio
1186 3569 1276 3630 Ti.
1318 3567 1329 3650 Ι
1368 3570 1517 3649 Aug.
1564 3569 1637 3631 ad
1682 3581 1953 3649 argentu-

608 3668 808 3720 Bomae
841 3669 917 3719 ad
949 3671 1092 3721 viam
1127 3671 1360 3735 Appiam
1394 3685 1508 3735 rep.
1545 3669 1653 3735 (VI
1680 3669 1826 3723 5746.
1843 3669 1983 3720 vidit
2015 3669 2273 3733 Henzen).

606 3787 777 3856 1818
839 3791 1070 3852 Anthus
1112 3792 1262 3870 Aug.
1302 3789 1312 3873 Ι
1350 3809 1384 3851 a
1429 3790 1750 3865 Corinthis‚
1788 3791 1799 3870 Ι
1839 3789 1950 3852 sibi
1995 3799 2055 3850 et
2095 3790 2237 3851 suis.

605 3889 862 3943 Surrenti
895 3888 974 3956 (Χ
999 3891 1098 3943 642
1131 3891 1273 3942 vidit
1305 3889 1636 3957 Mommsen).

609 4073 779 4144 1819
841 4077 1071 4139 Fronto
1115 4077 1381 4140 Caesaris
1418 4075 1428 4157 Ι
1466 4079 1615 4157 Aug.
1661 4070 1980 4157 pedisequs
2025 4092 2175 4160 (sio),
2214 4074 2223 4161 Ι
2262 4077 2377 4137 vix.
2423 4094 2566 4140 ann.
2609 4076 2730 4137 XL.

613 4176 786 4228 Senae
822 4176 1074 4244 Gallicae,
1110 4179 1324 4243 origine
1357 4180 1568 4229 urbana
1605 4179 1712 4244 (VI
1746 4180 1880 4230 8995
1915 4177 2056 4228 vidit
2089 4176 2420 4243 Mommsen).

606 4294 778 4367 182⁰
840 4298 898 4361 d.
928 4317 1008 4362 m.
1051 4319 1100 4361 s.
1138 4297 1151 4385 Ι
1188 4299 1351 4361 Felix
1394 4300 1543 4381 Aug.
1588 4318 1727 4375 ser„
1773 4300 1982 4380 Spicae
2021 4297 2031 4381 Ι
2071 4300 2133 4373 r.,
2180 4298 2485 4377 pediseq.¹‚
2531 4295 2664 4375 pius
2700 4296 2808 4356 vix.
2850 4298 2862 4373 Ι
2899 4314 2996 4358 an.

434 4397 608 4475 Lxx,
652 4401 712 4461 h.
757 4420 805 4462 s.
851 4419 904 4462 e.

608 4498 937 4566 Carthagine
958 4517 1071 4567 rep.
1093 4503 1154 4551 in
1176 4501 1357 4552 eodem
1379 4500 1625 4568 sepulcro
1649 4504 1708 4551 in
1733 4517 1837 4567 quo
1862 4500 1931 4554 Ν.
1955 4500 2104 4565 4550,
2138 4513 2282 4550 nuno
2304 4499 2532 4550 Parisiis
2568 4497 2598 4563 (
2596 4494 2649 4547 V
2645 4496 2731 4547 111
2760 4495 2814 4549 S.
2834 4496 2998 4548 42643

433 4584 574 4636 vidit
609 4588 672 4639 A.
711 4586 992 4649 Schoene).
1025 4612 1095 4622 —
1132 4585 1181 4648 1)
1216 4586 1500 4637 Praeterea
1548 4586 1785 4637 aliorum
1819 4586 2109 4637 multorum
2138 4584 2575 4651 pedisequorum,
2613 4581 2857 4634 Caesaris
2889 4598 3001 4633 ser-

433 4684 650 4732 vorum,
691 4671 840 4721 tituli
873 4686 945 4721 ex
978 4669 1159 4721 eodem
1193 4670 1436 4736 sepulcro
1468 4670 1807 4738 prodierunt.
1879 4668 1959 4731 Cf.
1995 4668 2284 4720 Mommsen
2326 4669 2441 4735 eph.
2488 4684 2569 4734 ep.
2602 4668 2637 4719 3
2681 4683 2734 4734 p.
2770 4666 2867 4718 443
2878 4704 2895 4732 ,
2944 4666 2999 4720 G.

440 4753 574 4806 VIII
594 4771 654 4820 p.
688 4755 825 4808 4537
860 4758 957 4822 qui
982 4753 1297 4823 pedisequos
1329 4756 1425 4807 llos
1438 4760 1605 4823 putat
1636 4753 1807 4815 fuisse
1820 4755 2202 4821 procuratoris
2236 4754 2499 4805 tabularii
2524 4752 3000 4818 Carthaginiensis.
