<?xml version="1.0" encoding="UTF-8"?>
<!DOCTYPE html PUBLIC "-//W3C//DTD XHTML 1.0 Transitional//EN"
    "http://www.w3.org/TR/xhtml1/DTD/xhtml1-transitional.dtd">
<html xmlns="http://www.w3.org/1999/xhtml" xml:lang="en" lang="en">
 <head>
  <title>
</title>
<meta http-equiv="Content-Type" content="text/html;charset=utf-8" />
  <meta name='ocr-system' content='tesseract 3.04.00' />
  <meta name='ocr-capabilities' content='ocr_page ocr_carea ocr_par ocr_line ocrx_word'/>
</head>
<body>
  <div class='ocr_page' id='page_1' title='image "./inscriptionesla00unkngoog_0408.png"; bbox 0 0 3432 5387; ppageno 0'>
   <div class='ocr_carea' id='block_1_1' title="bbox 574 364 2014 435">
    <p class='ocr_par' dir='ltr' id='par_1_1' title="bbox 574 364 2014 435">
     <span class='ocr_line' id='line_1_1' title="bbox 574 364 2014 435; baseline -0.003 -12"><span class='ocrx_word' id='word_1_1' title='bbox 574 364 699 423; x_wconf 85' lang='lat'>394</span> <span class='ocrx_word' id='word_1_2' title='bbox 1706 365 1887 435; x_wconf 83' lang='lat' dir='ltr'>Caput</span> <span class='ocrx_word' id='word_1_3' title='bbox 1921 365 2014 419; x_wconf 88' lang='lat' dir='ltr'>IX.</span> 
     </span>
    </p>
   </div>
   <div class='ocr_carea' id='block_1_2' title="bbox 571 535 3209 690">
    <p class='ocr_par' dir='ltr' id='par_1_2' title="bbox 571 535 3209 690">
     <span class='ocr_line' id='line_1_2' title="bbox 571 535 3209 607; baseline 0.001 -19"><span class='ocrx_word' id='word_1_4' title='bbox 571 540 799 607; x_wconf 74' lang='lat' dir='ltr'>poribus</span> <span class='ocrx_word' id='word_1_5' title='bbox 820 539 1090 590; x_wconf 80' lang='lat' dir='ltr'>Antonini</span> <span class='ocrx_word' id='word_1_6' title='bbox 1112 538 1203 587; x_wconf 85' lang='lat' dir='ltr'>Pii</span> <span class='ocrx_word' id='word_1_7' title='bbox 1223 535 1450 598; x_wconf 76' lang='lat' dir='ltr'>fuerunt</span> <span class='ocrx_word' id='word_1_8' title='bbox 1472 540 1532 588; x_wconf 88' lang='lat' dir='ltr'>in</span> <span class='ocrx_word' id='word_1_9' title='bbox 1566 540 1851 589; x_wconf 86' lang='lat' dir='ltr'>Pannonia</span> <span class='ocrx_word' id='word_1_10' title='bbox 1885 541 2164 603; x_wconf 75' lang='lat' dir='ltr'>superiore</span> <span class='ocrx_word' id='word_1_11' title='bbox 2189 537 2286 604; x_wconf 68' lang='lat' dir='ltr'>(cll</span> <span class='ocrx_word' id='word_1_12' title='bbox 2311 538 2463 601; x_wconf 77' lang='lat' dir='ltr'>infra</span> <span class='ocrx_word' id='word_1_13' title='bbox 2488 539 2556 592; x_wconf 84' lang='grc' dir='ltr'>Ν.</span> <span class='ocrx_word' id='word_1_14' title='bbox 2580 542 2754 607; x_wconf 78' lang='grc'><strong><em>2005).</em></strong></span> <span class='ocrx_word' id='word_1_15' title='bbox 2786 570 2870 577; x_wconf 92' lang='lat'>—-</span> <span class='ocrx_word' id='word_1_16' title='bbox 2923 543 2987 604; x_wconf 85' lang='lat'>3)</span> <span class='ocrx_word' id='word_1_17' title='bbox 3015 542 3058 591; x_wconf 81' lang='lat'><em>2</em></span> <span class='ocrx_word' id='word_1_18' title='bbox 3087 541 3209 591; x_wconf 74' lang='lat' dir='ltr'>Iun.</span> 
     </span>
     <span class='ocr_line' id='line_1_3' title="bbox 576 621 2358 690; baseline -0.001 -12"><span class='ocrx_word' id='word_1_19' title='bbox 576 628 657 678; x_wconf 90' lang='grc'>60.</span> <span class='ocrx_word' id='word_1_20' title='bbox 696 651 756 660; x_wconf 89' lang='grc'>-</span> <span class='ocrx_word' id='word_1_21' title='bbox 798 626 849 683; x_wconf 84' lang='grc'>4)</span> <span class='ocrx_word' id='word_1_22' title='bbox 888 623 1133 674; x_wconf 69' lang='lat' dir='ltr'>cohortis</span> <span class='ocrx_word' id='word_1_23' title='bbox 1170 621 1307 687; x_wconf 78' lang='grc' dir='ltr'><em>(υοὶ.-</em></span> <span class='ocrx_word' id='word_1_24' title='bbox 1343 624 1597 685; x_wconf 75' lang='lat' dir='ltr'>cohorte).</span> <span class='ocrx_word' id='word_1_25' title='bbox 1636 651 1701 659; x_wconf 93' lang='lat'><strong>—</strong></span> <span class='ocrx_word' id='word_1_26' title='bbox 1741 627 1789 687; x_wconf 87' lang='lat'>5)</span> <span class='ocrx_word' id='word_1_27' title='bbox 1827 621 1907 683; x_wconf 77' lang='lat' dir='ltr'>Cf.</span> <span class='ocrx_word' id='word_1_28' title='bbox 1942 639 2110 690; x_wconf 81' lang='lat' dir='ltr'>supra</span> <span class='ocrx_word' id='word_1_29' title='bbox 2145 623 2212 677; x_wconf 84' lang='lat' dir='ltr'>N.</span> <span class='ocrx_word' id='word_1_30' title='bbox 2246 625 2358 677; x_wconf 73' lang='lat'>784.</span> 
     </span>
    </p>
   </div>
   <div class='ocr_carea' id='block_1_3' title="bbox 578 796 3212 1983">
    <p class='ocr_par' dir='ltr' id='par_1_3' title="bbox 578 796 3212 1489">
     <span class='ocr_line' id='line_1_4' title="bbox 750 796 3212 893; baseline 0.001 -36"><span class='ocrx_word' id='word_1_31' title='bbox 750 796 921 867; x_wconf 82' lang='lat'>1988</span> <span class='ocrx_word' id='word_1_32' title='bbox 985 798 1112 858; x_wconf 87' lang='lat' dir='ltr'>Ser.</span> <span class='ocrx_word' id='word_1_33' title='bbox 1159 796 1339 857; x_wconf 82' lang='lat' dir='ltr'><strong>Galba</strong></span> <span class='ocrx_word' id='word_1_34' title='bbox 1384 798 1709 877; x_wconf 86' lang='lat' dir='ltr'>imperator</span> <span class='ocrx_word' id='word_1_35' title='bbox 1753 796 1964 859; x_wconf 88' lang='lat' dir='ltr'>Caesar</span> <span class='ocrx_word' id='word_1_36' title='bbox 2008 799 2273 877; x_wconf 81' lang='lat' dir='ltr'><strong>August.</strong></span> <span class='ocrx_word' id='word_1_37' title='bbox 2320 800 2531 893; x_wconf 50' lang='lat' dir='ltr'>pon-tis.</span> <span class='ocrx_word' id='word_1_38' title='bbox 2588 817 2761 873; x_wconf 66' lang='lat' dir='ltr'>max„</span> <span class='ocrx_word' id='word_1_39' title='bbox 2817 799 2996 860; x_wconf 84' lang='lat' dir='ltr'>trib.</span> <span class='ocrx_word' id='word_1_40' title='bbox 3053 808 3212 879; x_wconf 78' lang='lat' dir='ltr'>pot..</span> 
     </span>
     <span class='ocr_line' id='line_1_5' title="bbox 579 884 3207 980; baseline -0.001 -17"><span class='ocrx_word' id='word_1_41' title='bbox 579 923 700 965; x_wconf 92' lang='lat' dir='ltr'>cos.</span> <span class='ocrx_word' id='word_1_42' title='bbox 745 903 866 963; x_wconf 89' lang='lat' dir='ltr'>des.</span> <span class='ocrx_word' id='word_1_43' title='bbox 913 901 1020 973; x_wconf 90' lang='lat'>11¹,</span> <span class='ocrx_word' id='word_1_44' title='bbox 1065 899 1375 968; x_wconf 85' lang='lat' dir='ltr'>veteranis,</span> <span class='ocrx_word' id='word_1_45' title='bbox 1422 899 1524 977; x_wconf 90' lang='lat' dir='ltr'>qui</span> <span class='ocrx_word' id='word_1_46' title='bbox 1570 899 1968 961; x_wconf 87' lang='lat' dir='ltr'>militaverunt</span> <span class='ocrx_word' id='word_1_47' title='bbox 2013 901 2072 961; x_wconf 89' lang='lat' dir='ltr'>in</span> <span class='ocrx_word' id='word_1_48' title='bbox 2121 900 2353 980; x_wconf 82' lang='lat' dir='ltr'>legione</span> <span class='ocrx_word' id='word_1_49' title='bbox 2401 884 2448 961; x_wconf 83' lang='grc' dir='ltr'><strong>Ῑ</strong></span> <span class='ocrx_word' id='word_1_50' title='bbox 2481 902 2798 971; x_wconf 80' lang='lat' dir='ltr'>Adiutrice,</span> <span class='ocrx_word' id='word_1_51' title='bbox 2845 903 3207 962; x_wconf 76' lang='lat' dir='ltr'>honestam</span> 
     </span>
     <span class='ocr_line' id='line_1_6' title="bbox 581 1000 3210 1084; baseline -0 -19"><span class='ocrx_word' id='word_1_52' title='bbox 581 1006 920 1065; x_wconf 87' lang='lat' dir='ltr'>missionem</span> <span class='ocrx_word' id='word_1_53' title='bbox 981 1011 1041 1063; x_wconf 88' lang='lat' dir='ltr'>et</span> <span class='ocrx_word' id='word_1_54' title='bbox 1110 1002 1399 1063; x_wconf 87' lang='lat' dir='ltr'>civitatem</span> <span class='ocrx_word' id='word_1_55' title='bbox 1467 1000 1679 1074; x_wconf 85' lang='lat' dir='ltr'>dedit²,</span> <span class='ocrx_word' id='word_1_56' title='bbox 1757 1020 2006 1080; x_wconf 89' lang='lat' dir='ltr'>quorum</span> <span class='ocrx_word' id='word_1_57' title='bbox 2069 1002 2308 1064; x_wconf 91' lang='lat' dir='ltr'>nomina</span> <span class='ocrx_word' id='word_1_58' title='bbox 2366 1002 2698 1084; x_wconf 86' lang='lat' dir='ltr'>subscripta</span> <span class='ocrx_word' id='word_1_59' title='bbox 2757 1016 2966 1075; x_wconf 85' lang='lat' dir='ltr'>sunt,</span> <span class='ocrx_word' id='word_1_60' title='bbox 3057 1003 3210 1083; x_wconf 88' lang='lat' dir='ltr'>ipsis</span> 
     </span>
     <span class='ocr_line' id='line_1_7' title="bbox 580 1102 3209 1185; baseline -0.001 -18"><span class='ocrx_word' id='word_1_61' title='bbox 580 1106 782 1167; x_wconf 87' lang='lat' dir='ltr'>liberis</span> <span class='ocrx_word' id='word_1_62' title='bbox 813 1105 1185 1185; x_wconf 84' lang='lat' dir='ltr'>posterisque</span> <span class='ocrx_word' id='word_1_63' title='bbox 1217 1122 1446 1177; x_wconf 86' lang='lat' dir='ltr'>eorum,</span> <span class='ocrx_word' id='word_1_64' title='bbox 1495 1112 1555 1163; x_wconf 89' lang='lat' dir='ltr'>et</span> <span class='ocrx_word' id='word_1_65' title='bbox 1582 1102 1908 1163; x_wconf 87' lang='lat' dir='ltr'>conubium</span> <span class='ocrx_word' id='word_1_66' title='bbox 1943 1123 2076 1165; x_wconf 89' lang='lat' dir='ltr'>cum</span> <span class='ocrx_word' id='word_1_67' title='bbox 2109 1106 2413 1178; x_wconf 76' lang='lat' dir='ltr'>uxoribuS,</span> <span class='ocrx_word' id='word_1_68' title='bbox 2448 1124 2594 1184; x_wconf 88' lang='lat' dir='ltr'>quas</span> <span class='ocrx_word' id='word_1_69' title='bbox 2622 1114 2767 1168; x_wconf 88' lang='lat' dir='ltr'>tunc</span> <span class='ocrx_word' id='word_1_70' title='bbox 2798 1107 3209 1169; x_wconf 81' lang='lat' dir='ltr'>habuissent</span> 
     </span>
     <span class='ocr_line' id='line_1_8' title="bbox 578 1205 3204 1288; baseline -0 -17"><span class='ocrx_word' id='word_1_71' title='bbox 578 1228 713 1271; x_wconf 88' lang='lat' dir='ltr'>cum</span> <span class='ocrx_word' id='word_1_72' title='bbox 760 1219 850 1270; x_wconf 87' lang='lat' dir='ltr'>est</span> <span class='ocrx_word' id='word_1_73' title='bbox 893 1207 1095 1268; x_wconf 88' lang='lat' dir='ltr'>civitas</span> <span class='ocrx_word' id='word_1_74' title='bbox 1140 1207 1210 1266; x_wconf 90' lang='lat' dir='ltr'>iis</span> <span class='ocrx_word' id='word_1_75' title='bbox 1252 1205 1416 1279; x_wconf 86' lang='lat' dir='ltr'>data,</span> <span class='ocrx_word' id='word_1_76' title='bbox 1473 1213 1576 1265; x_wconf 91' lang='lat' dir='ltr'>aut</span> <span class='ocrx_word' id='word_1_77' title='bbox 1618 1205 1774 1284; x_wconf 89' lang='lat' dir='ltr'>siqui</span> <span class='ocrx_word' id='word_1_78' title='bbox 1820 1205 2073 1268; x_wconf 89' lang='lat' dir='ltr'>caelibes</span> <span class='ocrx_word' id='word_1_79' title='bbox 2130 1216 2359 1280; x_wconf 91' lang='lat' dir='ltr'>essent,</span> <span class='ocrx_word' id='word_1_80' title='bbox 2420 1225 2553 1267; x_wconf 88' lang='lat' dir='ltr'>cum</span> <span class='ocrx_word' id='word_1_81' title='bbox 2609 1208 2678 1268; x_wconf 89' lang='lat' dir='ltr'>iis</span> <span class='ocrx_word' id='word_1_82' title='bbox 2735 1227 2900 1287; x_wconf 89' lang='lat' dir='ltr'>quas</span> <span class='ocrx_word' id='word_1_83' title='bbox 2974 1218 3204 1288; x_wconf 87' lang='lat' dir='ltr'>postea</span> 
     </span>
     <span class='ocr_line' id='line_1_9' title="bbox 579 1305 3203 1388; baseline 0 -16"><span class='ocrx_word' id='word_1_84' title='bbox 579 1311 885 1372; x_wconf 87' lang='lat' dir='ltr'>duxissent</span> <span class='ocrx_word' id='word_1_85' title='bbox 929 1310 1229 1369; x_wconf 77' lang='lat' dir='ltr'>dumtaxat</span> <span class='ocrx_word' id='word_1_86' title='bbox 1271 1305 1488 1388; x_wconf 85' lang='lat' dir='ltr'>singuli</span> <span class='ocrx_word' id='word_1_87' title='bbox 1534 1307 1816 1386; x_wconf 87' lang='lat' dir='ltr'>singulas.</span> <span class='ocrx_word' id='word_1_88' title='bbox 1893 1310 1959 1368; x_wconf 95' lang='lat' dir='ltr'>A.</span> <span class='ocrx_word' id='word_1_89' title='bbox 2015 1309 2070 1369; x_wconf 92' lang='lat' dir='ltr'>d.</span> <span class='ocrx_word' id='word_1_90' title='bbox 2125 1308 2203 1369; x_wconf 86' lang='lat' dir='ltr'>XI</span> <span class='ocrx_word' id='word_1_91' title='bbox 2250 1309 2304 1369; x_wconf 88' lang='lat' dir='ltr'>k.</span> <span class='ocrx_word' id='word_1_92' title='bbox 2353 1308 2498 1382; x_wconf 91' lang='lat' dir='ltr'>1an.,</span> <span class='ocrx_word' id='word_1_93' title='bbox 2546 1310 2607 1370; x_wconf 92' lang='lat' dir='ltr'>C.</span> <span class='ocrx_word' id='word_1_94' title='bbox 2655 1310 2888 1371; x_wconf 89' lang='lat' dir='ltr'>Bellico</span> <span class='ocrx_word' id='word_1_95' title='bbox 2950 1310 3203 1381; x_wconf 80' lang='lat' dir='ltr'>Natale.</span> 
     </span>
     <span class='ocr_line' id='line_1_10' title="bbox 581 1410 1483 1489; baseline -0.006 -15"><span class='ocrx_word' id='word_1_96' title='bbox 581 1413 644 1473; x_wconf 72' lang='grc' dir='ltr'>Ι).</span> <span class='ocrx_word' id='word_1_97' title='bbox 691 1411 965 1474; x_wconf 88' lang='lat' dir='ltr'>Cornelio</span> <span class='ocrx_word' id='word_1_98' title='bbox 1011 1410 1290 1489; x_wconf 87' lang='lat' dir='ltr'>Scipione</span> <span class='ocrx_word' id='word_1_99' title='bbox 1334 1410 1483 1470; x_wconf 80' lang='lat' dir='ltr'>cos.³</span> 
     </span>
    </p>

    <p class='ocr_par' dir='ltr' id='par_1_4' title="bbox 1308 1511 2396 1591">
     <span class='ocr_line' id='line_1_11' title="bbox 1308 1511 2396 1591; baseline 0 -20"><span class='ocrx_word' id='word_1_100' title='bbox 1308 1511 1577 1572; x_wconf 86' lang='lat' dir='ltr'>Diomedi</span> <span class='ocrx_word' id='word_1_101' title='bbox 1624 1512 1964 1573; x_wconf 81' lang='lat' dir='ltr'>Artemonis</span> <span class='ocrx_word' id='word_1_102' title='bbox 2006 1513 2046 1571; x_wconf 85' lang='lat' dir='ltr'>f.</span> <span class='ocrx_word' id='word_1_103' title='bbox 2096 1511 2396 1591; x_wconf 76' lang='lat' dir='ltr'>Phrygio.⁴</span> 
     </span>
    </p>

    <p class='ocr_par' dir='ltr' id='par_1_5' title="bbox 582 1612 3192 1983">
     <span class='ocr_line' id='line_1_12' title="bbox 752 1612 3192 1694; baseline -0 -18"><span class='ocrx_word' id='word_1_104' title='bbox 752 1615 1125 1694; x_wconf 89' lang='lat' dir='ltr'>Descriptum</span> <span class='ocrx_word' id='word_1_105' title='bbox 1171 1624 1232 1675; x_wconf 91' lang='lat' dir='ltr'>et</span> <span class='ocrx_word' id='word_1_106' title='bbox 1274 1613 1648 1692; x_wconf 85' lang='lat' dir='ltr'>recognitum</span> <span class='ocrx_word' id='word_1_107' title='bbox 1694 1632 1765 1673; x_wconf 83' lang='lat' dir='ltr'>ex</span> <span class='ocrx_word' id='word_1_108' title='bbox 1809 1612 2006 1673; x_wconf 85' lang='lat' dir='ltr'>tabula</span> <span class='ocrx_word' id='word_1_109' title='bbox 2066 1632 2247 1674; x_wconf 89' lang='lat' dir='ltr'>aenea</span> <span class='ocrx_word' id='word_1_110' title='bbox 2312 1633 2463 1693; x_wconf 90' lang='lat' dir='ltr'>quae</span> <span class='ocrx_word' id='word_1_111' title='bbox 2517 1617 2626 1676; x_wconf 82' lang='lat' dir='ltr'>fixa</span> <span class='ocrx_word' id='word_1_112' title='bbox 2673 1625 2763 1676; x_wconf 81' lang='lat' dir='ltr'>est</span> <span class='ocrx_word' id='word_1_113' title='bbox 2815 1616 3080 1675; x_wconf 82' lang='lat' dir='ltr'>Romae</span> <span class='ocrx_word' id='word_1_114' title='bbox 3132 1615 3192 1676; x_wconf 91' lang='lat' dir='ltr'>in</span> 
     </span>
     <span class='ocr_line' id='line_1_13' title="bbox 586 1714 3192 1798; baseline -0.002 -18"><span class='ocrx_word' id='word_1_115' title='bbox 586 1717 871 1798; x_wconf 90' lang='lat' dir='ltr'>Capitolio</span> <span class='ocrx_word' id='word_1_116' title='bbox 917 1718 978 1778; x_wconf 89' lang='lat' dir='ltr'>in</span> <span class='ocrx_word' id='word_1_117' title='bbox 1028 1734 1127 1776; x_wconf 88' lang='lat' dir='ltr'>ara</span> <span class='ocrx_word' id='word_1_118' title='bbox 1173 1716 1367 1794; x_wconf 89' lang='lat' dir='ltr'>gentis</span> <span class='ocrx_word' id='word_1_119' title='bbox 1398 1714 1597 1776; x_wconf 87' lang='lat' dir='ltr'>Iuliae.</span> <span class='ocrx_word' id='word_1_120' title='bbox 1674 1715 1762 1775; x_wconf 91' lang='lat' dir='ltr'>Ti.</span> <span class='ocrx_word' id='word_1_121' title='bbox 1797 1715 1981 1776; x_wconf 89' lang='lat' dir='ltr'>lulius</span> <span class='ocrx_word' id='word_1_122' title='bbox 2026 1715 2267 1776; x_wconf 86' lang='lat' dir='ltr'>Pardala</span> <span class='ocrx_word' id='word_1_123' title='bbox 2305 1716 2496 1777; x_wconf 57' lang='lat' dir='ltr'>sard!</span> <span class='ocrx_word' id='word_1_124' title='bbox 2527 1752 2607 1760; x_wconf 96' lang='lat'><strong>—</strong></span> <span class='ocrx_word' id='word_1_125' title='bbox 2641 1716 2703 1779; x_wconf 92' lang='lat' dir='ltr'>C.</span> <span class='ocrx_word' id='word_1_126' title='bbox 2752 1716 2862 1777; x_wconf 86' lang='lat' dir='ltr'>Iuli</span> <span class='ocrx_word' id='word_1_127' title='bbox 2920 1718 3192 1779; x_wconf 86' lang='lat' dir='ltr'>Charmi</span> 
     </span>
     <span class='ocr_line' id='line_1_14' title="bbox 582 1816 3187 1888; baseline -0.001 -9"><span class='ocrx_word' id='word_1_128' title='bbox 582 1821 849 1881; x_wconf 82' lang='lat' dir='ltr'>Sardian.</span> <span class='ocrx_word' id='word_1_129' title='bbox 882 1854 966 1863; x_wconf 93' lang='lat'><strong>—</strong></span> <span class='ocrx_word' id='word_1_130' title='bbox 1009 1818 1097 1878; x_wconf 84' lang='lat' dir='ltr'>Ti.</span> <span class='ocrx_word' id='word_1_131' title='bbox 1145 1818 1346 1879; x_wconf 83' lang='lat' dir='ltr'>Claudi</span> <span class='ocrx_word' id='word_1_132' title='bbox 1393 1817 1527 1888; x_wconf 88' lang='lat' dir='ltr'>Qui.</span> <span class='ocrx_word' id='word_1_133' title='bbox 1590 1816 1782 1877; x_wconf 85' lang='lat' dir='ltr'>Fidini</span> <span class='ocrx_word' id='word_1_134' title='bbox 1816 1817 2137 1878; x_wconf 54' lang='lat' dir='ltr'>Maenianis</span> <span class='ocrx_word' id='word_1_135' title='bbox 2173 1852 2247 1861; x_wconf 93' lang='lat'>—</span> <span class='ocrx_word' id='word_1_136' title='bbox 2297 1818 2361 1878; x_wconf 92' lang='lat' dir='ltr'>C.</span> <span class='ocrx_word' id='word_1_137' title='bbox 2408 1819 2518 1879; x_wconf 91' lang='lat' dir='ltr'>luli</span> <span class='ocrx_word' id='word_1_138' title='bbox 2565 1818 2627 1879; x_wconf 94' lang='lat' dir='ltr'>C.</span> <span class='ocrx_word' id='word_1_139' title='bbox 2675 1820 2715 1878; x_wconf 81' lang='lat' dir='ltr'>f.</span> <span class='ocrx_word' id='word_1_140' title='bbox 2761 1819 2886 1880; x_wconf 87' lang='lat' dir='ltr'>Col.</span> <span class='ocrx_word' id='word_1_141' title='bbox 2945 1820 3187 1881; x_wconf 89' lang='lat' dir='ltr'>Libon.</span> 
     </span>
     <span class='ocr_line' id='line_1_15' title="bbox 583 1918 3188 1983; baseline -0.001 0"><span class='ocrx_word' id='word_1_142' title='bbox 583 1923 750 1983; x_wconf 86' lang='lat' dir='ltr'>Sard.</span> <span class='ocrx_word' id='word_1_143' title='bbox 799 1956 882 1969; x_wconf 91' lang='lat'>—-</span> <span class='ocrx_word' id='word_1_144' title='bbox 926 1920 1014 1980; x_wconf 84' lang='lat' dir='ltr'>Ti.</span> <span class='ocrx_word' id='word_1_145' title='bbox 1062 1920 1347 1981; x_wconf 86' lang='lat' dir='ltr'>Fonteius</span> <span class='ocrx_word' id='word_1_146' title='bbox 1404 1918 1642 1980; x_wconf 87' lang='lat' dir='ltr'>Cerialis</span> <span class='ocrx_word' id='word_1_147' title='bbox 1699 1920 1866 1979; x_wconf 87' lang='lat' dir='ltr'>Sard.</span> <span class='ocrx_word' id='word_1_148' title='bbox 1913 1954 1997 1963; x_wconf 93' lang='lat'><strong>—</strong></span> <span class='ocrx_word' id='word_1_149' title='bbox 2043 1920 2104 1979; x_wconf 92' lang='lat' dir='ltr'>P.</span> <span class='ocrx_word' id='word_1_150' title='bbox 2153 1919 2335 1980; x_wconf 87' lang='lat' dir='ltr'>Gralti</span> <span class='ocrx_word' id='word_1_151' title='bbox 2386 1920 2447 1980; x_wconf 89' lang='lat' dir='ltr'>P.</span> <span class='ocrx_word' id='word_1_152' title='bbox 2495 1921 2534 1979; x_wconf 86' lang='lat' dir='ltr'>f.</span> <span class='ocrx_word' id='word_1_153' title='bbox 2581 1921 2744 1981; x_wconf 87' lang='lat' dir='ltr'>Aem.</span> <span class='ocrx_word' id='word_1_154' title='bbox 2793 1921 3188 1982; x_wconf 82' lang='lat' dir='ltr'>Provincial.</span> 
     </span>
    </p>
   </div>
   <div class='ocr_carea' id='block_1_4' title="bbox 585 2020 1773 2103">
    <p class='ocr_par' dir='ltr' id='par_1_6' title="bbox 585 2020 1773 2103">
     <span class='ocr_line' id='line_1_16' title="bbox 585 2020 1773 2103; baseline -0.003 -20"><span class='ocrx_word' id='word_1_155' title='bbox 585 2023 848 2103; x_wconf 83' lang='lat' dir='ltr'>lpesius⁸</span> <span class='ocrx_word' id='word_1_156' title='bbox 898 2057 977 2068; x_wconf 93' lang='lat'>—-</span> <span class='ocrx_word' id='word_1_157' title='bbox 1024 2022 1100 2081; x_wconf 88' lang='lat' dir='ltr'>M.</span> <span class='ocrx_word' id='word_1_158' title='bbox 1149 2022 1280 2081; x_wconf 88' lang='lat' dir='ltr'>Arri</span> <span class='ocrx_word' id='word_1_159' title='bbox 1327 2020 1459 2081; x_wconf 81' lang='lat' dir='ltr'>Ruti</span> <span class='ocrx_word' id='word_1_160' title='bbox 1508 2021 1773 2081; x_wconf 88' lang='lat' dir='ltr'>Sardian.</span> 
     </span>
    </p>
   </div>
   <div class='ocr_carea' id='block_1_5' title="bbox 580 2120 3187 3295">
    <p class='ocr_par' dir='ltr' id='par_1_7' title="bbox 580 2120 3187 3295">
     <span class='ocr_line' id='line_1_17' title="bbox 754 2120 3187 2188; baseline -0.001 -15"><span class='ocrx_word' id='word_1_161' title='bbox 754 2123 1067 2188; x_wconf 76' lang='lat' dir='ltr'>Diptyclion</span> <span class='ocrx_word' id='word_1_162' title='bbox 1112 2137 1361 2185; x_wconf 77' lang='lat' dir='ltr'>aeneum,</span> <span class='ocrx_word' id='word_1_163' title='bbox 1406 2121 1607 2171; x_wconf 82' lang='lat' dir='ltr'>Stabiis</span> <span class='ocrx_word' id='word_1_164' title='bbox 1652 2120 2081 2187; x_wconf 80' lang='lat' dir='ltr'>(Castellamare)</span> <span class='ocrx_word' id='word_1_165' title='bbox 2119 2137 2232 2185; x_wconf 83' lang='lat' dir='ltr'>rep.</span> <span class='ocrx_word' id='word_1_166' title='bbox 2278 2137 2327 2173; x_wconf 86' lang='lat' dir='ltr'>a.</span> <span class='ocrx_word' id='word_1_167' title='bbox 2364 2120 2521 2185; x_wconf 75' lang='grc'><em>4688,</em></span> <span class='ocrx_word' id='word_1_168' title='bbox 2569 2127 2645 2170; x_wconf 85' lang='lat' dir='ltr'>est</span> <span class='ocrx_word' id='word_1_169' title='bbox 2681 2121 3013 2173; x_wconf 77' lang='lat' dir='ltr'>Florentiae</span> <span class='ocrx_word' id='word_1_170' title='bbox 3070 2122 3187 2183; x_wconf 88' lang='lat' dir='ltr'><em>(III</em></span> 
     </span>
     <span class='ocr_line' id='line_1_18' title="bbox 580 2205 3177 2274; baseline -0 -17"><span class='ocrx_word' id='word_1_171' title='bbox 580 2227 633 2273; x_wconf 76' lang='lat' dir='ltr'>p.</span> <span class='ocrx_word' id='word_1_172' title='bbox 667 2208 779 2262; x_wconf 76' lang='lat'>847.</span> <span class='ocrx_word' id='word_1_173' title='bbox 816 2206 868 2257; x_wconf 87' lang='lat' dir='ltr'><em>X</em></span> <span class='ocrx_word' id='word_1_174' title='bbox 896 2208 1033 2274; x_wconf 91' lang='grc'><strong>770).</strong></span> <span class='ocrx_word' id='word_1_175' title='bbox 1106 2207 1306 2258; x_wconf 84' lang='lat' dir='ltr'>Eadem</span> <span class='ocrx_word' id='word_1_176' title='bbox 1345 2206 1602 2269; x_wconf 86' lang='lat' dir='ltr'>leguntur</span> <span class='ocrx_word' id='word_1_177' title='bbox 1637 2208 1695 2254; x_wconf 87' lang='lat' dir='ltr'>in</span> <span class='ocrx_word' id='word_1_178' title='bbox 1734 2205 1938 2255; x_wconf 82' lang='lat' dir='ltr'>duobus</span> <span class='ocrx_word' id='word_1_179' title='bbox 1982 2206 2109 2256; x_wconf 88' lang='lat' dir='ltr'>aliis</span> <span class='ocrx_word' id='word_1_180' title='bbox 2152 2206 2452 2272; x_wconf 74' lang='lat' dir='ltr'>diptychis,</span> <span class='ocrx_word' id='word_1_181' title='bbox 2497 2222 2724 2270; x_wconf 74' lang='lat' dir='ltr'>quorum</span> <span class='ocrx_word' id='word_1_182' title='bbox 2771 2209 3015 2258; x_wconf 76' lang='lat' dir='ltr'>alterum</span> <span class='ocrx_word' id='word_1_183' title='bbox 3057 2224 3177 2272; x_wconf 77' lang='lat' dir='ltr'>rep.</span> 
     </span>
     <span class='ocr_line' id='line_1_19' title="bbox 586 2288 3179 2358; baseline 0 -16"><span class='ocrx_word' id='word_1_184' title='bbox 586 2296 665 2342; x_wconf 85' lang='lat' dir='ltr'>est</span> <span class='ocrx_word' id='word_1_185' title='bbox 687 2297 738 2341; x_wconf 91' lang='lat' dir='ltr'>et</span> <span class='ocrx_word' id='word_1_186' title='bbox 762 2296 935 2357; x_wconf 84' lang='lat' dir='ltr'>ipsum</span> <span class='ocrx_word' id='word_1_187' title='bbox 965 2292 1168 2342; x_wconf 82' lang='lat' dir='ltr'>Stabiis</span> <span class='ocrx_word' id='word_1_188' title='bbox 1191 2291 1303 2351; x_wconf 86' lang='lat'><em>(111</em></span> <span class='ocrx_word' id='word_1_189' title='bbox 1315 2306 1372 2355; x_wconf 83' lang='lat' dir='ltr'>p.</span> <span class='ocrx_word' id='word_1_190' title='bbox 1391 2292 1491 2341; x_wconf 82' lang='grc'>848</span> <span class='ocrx_word' id='word_1_191' title='bbox 1514 2288 1563 2341; x_wconf 83' lang='grc' dir='ltr'><em>Χ</em></span> <span class='ocrx_word' id='word_1_192' title='bbox 1582 2290 1719 2357; x_wconf 76' lang='grc'><strong><em>774),</em></strong></span> <span class='ocrx_word' id='word_1_193' title='bbox 1746 2290 1972 2341; x_wconf 86' lang='lat' dir='ltr'>alterum</span> <span class='ocrx_word' id='word_1_194' title='bbox 1995 2293 2056 2341; x_wconf 89' lang='lat' dir='ltr'>in</span> <span class='ocrx_word' id='word_1_195' title='bbox 2075 2290 2333 2341; x_wconf 78' lang='lat' dir='ltr'>Sardinia</span> <span class='ocrx_word' id='word_1_196' title='bbox 2360 2289 2523 2355; x_wconf 62' lang='lat' dir='ltr'>(Epa,</span> <span class='ocrx_word' id='word_1_197' title='bbox 2547 2308 2625 2357; x_wconf 83' lang='lat' dir='ltr'>ep.</span> <span class='ocrx_word' id='word_1_198' title='bbox 2649 2293 2686 2342; x_wconf 83' lang='lat'><strong><em>2</em></strong></span> <span class='ocrx_word' id='word_1_199' title='bbox 2708 2309 2760 2358; x_wconf 82' lang='lat' dir='ltr'>p.</span> <span class='ocrx_word' id='word_1_200' title='bbox 2779 2294 2876 2343; x_wconf 72' lang='lat'>454</span> <span class='ocrx_word' id='word_1_201' title='bbox 2912 2293 2970 2344; x_wconf 76' lang='lat' dir='ltr'><em>X</em></span> <span class='ocrx_word' id='word_1_202' title='bbox 2987 2292 3179 2354; x_wconf 72' lang='lat'>7891),</span> 
     </span>
     <span class='ocr_line' id='line_1_20' title="bbox 583 2375 3170 2442; baseline 0 -15"><span class='ocrx_word' id='word_1_203' title='bbox 583 2380 691 2427; x_wconf 86' lang='lat' dir='ltr'>nisi</span> <span class='ocrx_word' id='word_1_204' title='bbox 727 2378 872 2442; x_wconf 86' lang='lat' dir='ltr'>quod</span> <span class='ocrx_word' id='word_1_205' title='bbox 904 2380 1123 2427; x_wconf 85' lang='lat' dir='ltr'>nomina</span> <span class='ocrx_word' id='word_1_206' title='bbox 1159 2376 1347 2426; x_wconf 86' lang='lat' dir='ltr'>militis</span> <span class='ocrx_word' id='word_1_207' title='bbox 1384 2379 1433 2425; x_wconf 86' lang='lat' dir='ltr'>et</span> <span class='ocrx_word' id='word_1_208' title='bbox 1469 2377 1808 2439; x_wconf 77' lang='lat' dir='ltr'>signatorum</span> <span class='ocrx_word' id='word_1_209' title='bbox 1845 2375 2056 2425; x_wconf 82' lang='lat' dir='ltr'>diversa</span> <span class='ocrx_word' id='word_1_210' title='bbox 2091 2379 2231 2426; x_wconf 86' lang='lat' dir='ltr'>sunt.</span> <span class='ocrx_word' id='word_1_211' title='bbox 2257 2404 2325 2412; x_wconf 91' lang='lat'><strong>—</strong></span> <span class='ocrx_word' id='word_1_212' title='bbox 2368 2377 2414 2438; x_wconf 84' lang='lat' dir='ltr'>l)</span> <span class='ocrx_word' id='word_1_213' title='bbox 2449 2376 2515 2426; x_wconf 81' lang='lat' dir='ltr'>A.</span> <span class='ocrx_word' id='word_1_214' title='bbox 2549 2379 2629 2428; x_wconf 89' lang='grc'>68.</span> <span class='ocrx_word' id='word_1_215' title='bbox 2666 2405 2734 2413; x_wconf 92' lang='grc'><strong>-</strong></span> <span class='ocrx_word' id='word_1_216' title='bbox 2770 2378 2820 2435; x_wconf 80' lang='lat'>2)</span> <span class='ocrx_word' id='word_1_217' title='bbox 2857 2376 3170 2442; x_wconf 75' lang='lat' dir='ltr'>Legionem</span> 
     </span>
     <span class='ocr_line' id='line_1_21' title="bbox 580 2460 3173 2529; baseline -0.001 -17"><span class='ocrx_word' id='word_1_218' title='bbox 580 2466 816 2527; x_wconf 82' lang='lat' dir='ltr'>primam</span> <span class='ocrx_word' id='word_1_219' title='bbox 852 2461 1192 2512; x_wconf 82' lang='lat' dir='ltr'>Adiutricem</span> <span class='ocrx_word' id='word_1_220' title='bbox 1226 2460 1388 2525; x_wconf 81' lang='lat' dir='ltr'>Nero,</span> <span class='ocrx_word' id='word_1_221' title='bbox 1437 2461 1698 2524; x_wconf 80' lang='lat' dir='ltr'>legionem</span> <span class='ocrx_word' id='word_1_222' title='bbox 1734 2461 2020 2511; x_wconf 86' lang='lat' dir='ltr'>secundam</span> <span class='ocrx_word' id='word_1_223' title='bbox 2057 2460 2392 2510; x_wconf 86' lang='lat' dir='ltr'>Adiutricem</span> <span class='ocrx_word' id='word_1_224' title='bbox 2432 2461 2683 2512; x_wconf 78' lang='lat' dir='ltr'>Vitellius</span> <span class='ocrx_word' id='word_1_225' title='bbox 2717 2465 3173 2529; x_wconf 79' lang='lat' dir='ltr'>conscripserant</span> 
     </span>
     <span class='ocr_line' id='line_1_22' title="bbox 586 2545 3169 2612; baseline -0 -16"><span class='ocrx_word' id='word_1_226' title='bbox 586 2563 694 2597; x_wconf 83' lang='lat' dir='ltr'>non</span> <span class='ocrx_word' id='word_1_227' title='bbox 731 2564 759 2596; x_wconf 85' lang='lat' dir='ltr'>e</span> <span class='ocrx_word' id='word_1_228' title='bbox 783 2549 987 2598; x_wconf 81' lang='lat' dir='ltr'>civibus</span> <span class='ocrx_word' id='word_1_229' title='bbox 1011 2546 1282 2608; x_wconf 81' lang='lat' dir='ltr'>Romanis,</span> <span class='ocrx_word' id='word_1_230' title='bbox 1318 2547 1412 2597; x_wconf 88' lang='lat' dir='ltr'>sed</span> <span class='ocrx_word' id='word_1_231' title='bbox 1446 2562 1474 2594; x_wconf 88' lang='lat' dir='ltr'>e</span> <span class='ocrx_word' id='word_1_232' title='bbox 1509 2545 1765 2610; x_wconf 72' lang='lat' dir='ltr'>classicis,</span> <span class='ocrx_word' id='word_1_233' title='bbox 1796 2547 1938 2596; x_wconf 83' lang='lat' dir='ltr'>unde</span> <span class='ocrx_word' id='word_1_234' title='bbox 1975 2547 2282 2612; x_wconf 58' lang='lat' dir='ltr'>empticatur</span> <span class='ocrx_word' id='word_1_235' title='bbox 2304 2546 2566 2596; x_wconf 73' lang='lat' dir='ltr'>militibus</span> <span class='ocrx_word' id='word_1_236' title='bbox 2601 2564 2671 2596; x_wconf 75' lang='lat' dir='ltr'>ecc</span> <span class='ocrx_word' id='word_1_237' title='bbox 2703 2546 2816 2596; x_wconf 74' lang='lat' dir='ltr'>illae&#39;s</span> <span class='ocrx_word' id='word_1_238' title='bbox 2851 2547 3169 2612; x_wconf 68' lang='lat' dir='ltr'>legionibus</span> 
     </span>
     <span class='ocr_line' id='line_1_23' title="bbox 584 2631 3164 2700; baseline -0.001 -18"><span class='ocrx_word' id='word_1_239' title='bbox 584 2649 725 2683; x_wconf 83' lang='lat' dir='ltr'>anno</span> <span class='ocrx_word' id='word_1_240' title='bbox 743 2636 810 2685; x_wconf 88' lang='grc'>68</span> <span class='ocrx_word' id='word_1_241' title='bbox 827 2633 910 2682; x_wconf 85' lang='lat' dir='ltr'>vel</span> <span class='ocrx_word' id='word_1_242' title='bbox 929 2633 992 2683; x_wconf 91' lang='grc'>70</span> <span class='ocrx_word' id='word_1_243' title='bbox 1011 2631 1242 2681; x_wconf 73' lang='lat' dir='ltr'>dimissis</span> <span class='ocrx_word' id='word_1_244' title='bbox 1260 2632 1528 2680; x_wconf 80' lang='lat' dir='ltr'>civitatem</span> <span class='ocrx_word' id='word_1_245' title='bbox 1556 2631 1678 2681; x_wconf 84' lang='lat' dir='ltr'>dari</span> <span class='ocrx_word' id='word_1_246' title='bbox 1698 2634 1947 2698; x_wconf 73' lang='lat' dir='ltr'>potuisse.</span> <span class='ocrx_word' id='word_1_247' title='bbox 1968 2660 2035 2668; x_wconf 87' lang='lat'><em>—</em></span> <span class='ocrx_word' id='word_1_248' title='bbox 2057 2633 2107 2692; x_wconf 87' lang='lat'>3)</span> <span class='ocrx_word' id='word_1_249' title='bbox 2133 2634 2204 2682; x_wconf 89' lang='grc'>22</span> <span class='ocrx_word' id='word_1_250' title='bbox 2228 2631 2349 2681; x_wconf 84' lang='lat' dir='ltr'>Dec.</span> <span class='ocrx_word' id='word_1_251' title='bbox 2377 2647 2424 2679; x_wconf 90' lang='lat' dir='ltr'>a.</span> <span class='ocrx_word' id='word_1_252' title='bbox 2442 2633 2522 2682; x_wconf 88' lang='grc'>68.</span> <span class='ocrx_word' id='word_1_253' title='bbox 2585 2632 2673 2691; x_wconf 84' lang='grc' dir='ltr'>(Ιπ</span> <span class='ocrx_word' id='word_1_254' title='bbox 2698 2631 2954 2700; x_wconf 74' lang='lat' dir='ltr'>diptycho</span> <span class='ocrx_word' id='word_1_255' title='bbox 2976 2631 3164 2684; x_wconf 80' lang='lat' dir='ltr'>Sardo</span> 
     </span>
     <span class='ocr_line' id='line_1_24' title="bbox 585 2715 3165 2785; baseline -0.001 -16"><span class='ocrx_word' id='word_1_256' title='bbox 585 2719 827 2785; x_wconf 80' lang='lat' dir='ltr'>Scipioni</span> <span class='ocrx_word' id='word_1_257' title='bbox 862 2718 1085 2770; x_wconf 79' lang='lat' dir='ltr'>additur</span> <span class='ocrx_word' id='word_1_258' title='bbox 1118 2717 1353 2768; x_wconf 78' lang='lat' dir='ltr'>Asiatici</span> <span class='ocrx_word' id='word_1_259' title='bbox 1388 2732 1709 2782; x_wconf 78' lang='lat' dir='ltr'>cognomen,</span> <span class='ocrx_word' id='word_1_260' title='bbox 1757 2722 1821 2768; x_wconf 84' lang='lat' dir='ltr'>ut</span> <span class='ocrx_word' id='word_1_261' title='bbox 1852 2733 2019 2783; x_wconf 80' lang='lat' dir='ltr'>supra</span> <span class='ocrx_word' id='word_1_262' title='bbox 2056 2715 2124 2768; x_wconf 87' lang='lat' dir='ltr'>N.</span> <span class='ocrx_word' id='word_1_263' title='bbox 2158 2718 2308 2783; x_wconf 78' lang='grc'><em>258).</em></span> <span class='ocrx_word' id='word_1_264' title='bbox 2343 2744 2415 2755; x_wconf 92' lang='lat'>--</span> <span class='ocrx_word' id='word_1_265' title='bbox 2447 2719 2499 2781; x_wconf 83' lang='lat'>4)</span> <span class='ocrx_word' id='word_1_266' title='bbox 2536 2716 2784 2779; x_wconf 66' lang='lat' dir='ltr'>tAVmc,</span> <span class='ocrx_word' id='word_1_267' title='bbox 2821 2723 2857 2770; x_wconf 89' lang='lat' dir='ltr'>i.</span> <span class='ocrx_word' id='word_1_268' title='bbox 2895 2737 2972 2772; x_wconf 74' lang='grc' dir='ltr'><strong>ο..-</strong></span> <span class='ocrx_word' id='word_1_269' title='bbox 3012 2718 3165 2769; x_wconf 81' lang='lat' dir='ltr'>Lau-</span> 
     </span>
     <span class='ocr_line' id='line_1_25' title="bbox 584 2802 3161 2868; baseline -0 -15"><span class='ocrx_word' id='word_1_270' title='bbox 584 2805 755 2868; x_wconf 87' lang='lat' dir='ltr'>dicia,</span> <span class='ocrx_word' id='word_1_271' title='bbox 800 2804 1023 2854; x_wconf 81' lang='lat' dir='ltr'>additur</span> <span class='ocrx_word' id='word_1_272' title='bbox 1066 2806 1123 2853; x_wconf 85' lang='lat' dir='ltr'>in</span> <span class='ocrx_word' id='word_1_273' title='bbox 1172 2802 1412 2868; x_wconf 74' lang='lat' dir='ltr'>exemplo</span> <span class='ocrx_word' id='word_1_274' title='bbox 1460 2804 1746 2853; x_wconf 76' lang='lat' dir='ltr'>exteriore.</span> <span class='ocrx_word' id='word_1_275' title='bbox 1792 2831 1860 2839; x_wconf 94' lang='lat'>—</span> <span class='ocrx_word' id='word_1_276' title='bbox 1908 2805 1958 2865; x_wconf 82' lang='lat'>5)</span> <span class='ocrx_word' id='word_1_277' title='bbox 2009 2802 2072 2851; x_wconf 89' lang='lat' dir='ltr'>In</span> <span class='ocrx_word' id='word_1_278' title='bbox 2119 2803 2287 2851; x_wconf 81' lang='lat' dir='ltr'>altero</span> <span class='ocrx_word' id='word_1_279' title='bbox 2338 2802 2594 2868; x_wconf 77' lang='lat' dir='ltr'>diptycho</span> <span class='ocrx_word' id='word_1_280' title='bbox 2643 2802 2900 2854; x_wconf 77' lang='lat' dir='ltr'>Stabiano</span> <span class='ocrx_word' id='word_1_281' title='bbox 2949 2804 3161 2868; x_wconf 78' lang='lat' dir='ltr'>legitur</span> 
     </span>
     <span class='ocr_line' id='line_1_26' title="bbox 584 2884 3161 2952; baseline -0.002 -13"><span class='ocrx_word' id='word_1_282' title='bbox 584 2887 831 2939; x_wconf 85' lang='lat' dir='ltr'>Matthaio</span> <span class='ocrx_word' id='word_1_283' title='bbox 866 2886 1011 2939; x_wconf 88' lang='lat' dir='ltr'>Polai</span> <span class='ocrx_word' id='word_1_284' title='bbox 1057 2886 1091 2939; x_wconf 82' lang='lat' dir='ltr'>s.</span> <span class='ocrx_word' id='word_1_285' title='bbox 1131 2886 1313 2950; x_wconf 74' lang='lat' dir='ltr'>Sui-oe,</span> <span class='ocrx_word' id='word_1_286' title='bbox 1362 2887 1415 2938; x_wconf 91' lang='lat' dir='ltr'>in</span> <span class='ocrx_word' id='word_1_287' title='bbox 1451 2886 1626 2937; x_wconf 88' lang='lat' dir='ltr'>Sardo</span> <span class='ocrx_word' id='word_1_288' title='bbox 1676 2885 1844 2938; x_wconf 86' lang='lat' dir='ltr'>Ursari</span> <span class='ocrx_word' id='word_1_289' title='bbox 1882 2884 2119 2936; x_wconf 84' lang='lat' dir='ltr'>Tornalis</span> <span class='ocrx_word' id='word_1_290' title='bbox 2167 2885 2201 2937; x_wconf 82' lang='lat' dir='ltr'>s.</span> <span class='ocrx_word' id='word_1_291' title='bbox 2241 2885 2415 2946; x_wconf 82' lang='lat' dir='ltr'>Sard.;</span> <span class='ocrx_word' id='word_1_292' title='bbox 2454 2892 2740 2952; x_wconf 79' lang='lat' dir='ltr'>praeterea</span> <span class='ocrx_word' id='word_1_293' title='bbox 2786 2893 2844 2939; x_wconf 79' lang='lat' dir='ltr'>in</span> <span class='ocrx_word' id='word_1_294' title='bbox 2881 2891 2984 2940; x_wconf 82' lang='grc' dir='ltr'><em>Ιιοο</em></span> <span class='ocrx_word' id='word_1_295' title='bbox 3028 2891 3161 2938; x_wconf 75' lang='lat' dir='ltr'>ante</span> 
     </span>
     <span class='ocr_line' id='line_1_27' title="bbox 583 2969 3158 3041; baseline -0.001 -19"><span class='ocrx_word' id='word_1_296' title='bbox 583 2989 776 3024; x_wconf 85' lang='lat' dir='ltr'>nomen</span> <span class='ocrx_word' id='word_1_297' title='bbox 810 2973 1003 3023; x_wconf 84' lang='lat' dir='ltr'>militis</span> <span class='ocrx_word' id='word_1_298' title='bbox 1037 2974 1301 3037; x_wconf 82' lang='lat' dir='ltr'>scriptum</span> <span class='ocrx_word' id='word_1_299' title='bbox 1336 2976 1413 3021; x_wconf 83' lang='lat' dir='ltr'>est</span> <span class='ocrx_word' id='word_1_300' title='bbox 1449 2972 1551 3024; x_wconf 84' lang='lat' dir='ltr'>tab.</span> <span class='ocrx_word' id='word_1_301' title='bbox 1587 2971 1627 3023; x_wconf 90' lang='lat'>11</span> <span class='ocrx_word' id='word_1_302' title='bbox 1665 2987 1782 3037; x_wconf 81' lang='lat' dir='ltr'>pag.</span> <span class='ocrx_word' id='word_1_303' title='bbox 1821 2970 1862 3019; x_wconf 91' lang='lat' dir='ltr'>V</span> <span class='ocrx_word' id='word_1_304' title='bbox 1901 2973 1998 3023; x_wconf 89' lang='lat' dir='ltr'>loc.</span> <span class='ocrx_word' id='word_1_305' title='bbox 2035 2970 2188 3022; x_wconf 83' lang='lat' dir='ltr'>xvlu</span> <span class='ocrx_word' id='word_1_306' title='bbox 2225 2969 2322 3034; x_wconf 77' lang='lat' dir='ltr'>(cs.</span> <span class='ocrx_word' id='word_1_307' title='bbox 2359 2972 2426 3024; x_wconf 90' lang='lat' dir='ltr'>N.</span> <span class='ocrx_word' id='word_1_308' title='bbox 2461 2973 2591 3024; x_wconf 73' lang='grc'><em>4989</em></span> <span class='ocrx_word' id='word_1_309' title='bbox 2625 2979 2736 3025; x_wconf 87' lang='lat' dir='ltr'>not.</span> <span class='ocrx_word' id='word_1_310' title='bbox 2757 2974 2836 3041; x_wconf 77' lang='grc' dir='ltr'>ὅ).</span> <span class='ocrx_word' id='word_1_311' title='bbox 2861 3003 2926 3012; x_wconf 93' lang='lat'><strong>—</strong></span> <span class='ocrx_word' id='word_1_312' title='bbox 2965 2976 3020 3038; x_wconf 88' lang='grc'>6)</span> <span class='ocrx_word' id='word_1_313' title='bbox 3058 2973 3158 3023; x_wconf 77' lang='lat' dir='ltr'>Hie</span> 
     </span>
     <span class='ocr_line' id='line_1_28' title="bbox 585 3055 3152 3124; baseline 0 -15"><span class='ocrx_word' id='word_1_314' title='bbox 585 3073 794 3124; x_wconf 81' lang='lat' dir='ltr'>quoque</span> <span class='ocrx_word' id='word_1_315' title='bbox 829 3062 924 3108; x_wconf 87' lang='lat' dir='ltr'>aut</span> <span class='ocrx_word' id='word_1_316' title='bbox 958 3073 1139 3108; x_wconf 84' lang='lat' dir='ltr'>omnes</span> <span class='ocrx_word' id='word_1_317' title='bbox 1179 3062 1278 3107; x_wconf 88' lang='lat' dir='ltr'>aut</span> <span class='ocrx_word' id='word_1_318' title='bbox 1304 3059 1552 3122; x_wconf 80' lang='lat' dir='ltr'>plerique</span> <span class='ocrx_word' id='word_1_319' title='bbox 1585 3060 1744 3106; x_wconf 80' lang='lat' dir='ltr'>testes</span> <span class='ocrx_word' id='word_1_320' title='bbox 1778 3059 2119 3108; x_wconf 69' lang='lat' dir='ltr'>conten-ranei</span> <span class='ocrx_word' id='word_1_321' title='bbox 2152 3055 2383 3117; x_wconf 77' lang='lat' dir='ltr'>fuerunt</span> <span class='ocrx_word' id='word_1_322' title='bbox 2416 3061 2674 3119; x_wconf 83' lang='lat' dir='ltr'>veterani,</span> <span class='ocrx_word' id='word_1_323' title='bbox 2710 3062 2769 3108; x_wconf 86' lang='lat' dir='ltr'>in</span> <span class='ocrx_word' id='word_1_324' title='bbox 2806 3064 2960 3110; x_wconf 85' lang='lat' dir='ltr'>cuius</span> <span class='ocrx_word' id='word_1_325' title='bbox 2994 3073 3152 3110; x_wconf 69' lang='lat' dir='ltr'>usum</span> 
     </span>
     <span class='ocr_line' id='line_1_29' title="bbox 586 3140 3153 3212; baseline 0.001 -20"><span class='ocrx_word' id='word_1_326' title='bbox 586 3144 900 3209; x_wconf 76' lang='lat' dir='ltr'>diptychum</span> <span class='ocrx_word' id='word_1_327' title='bbox 934 3142 1142 3204; x_wconf 76' lang='lat' dir='ltr'>factum</span> <span class='ocrx_word' id='word_1_328' title='bbox 1179 3147 1269 3194; x_wconf 84' lang='lat' dir='ltr'>est.</span> <span class='ocrx_word' id='word_1_329' title='bbox 1308 3172 1370 3179; x_wconf 90' lang='lat'><strong>—</strong></span> <span class='ocrx_word' id='word_1_330' title='bbox 1410 3146 1461 3204; x_wconf 83' lang='lat'>7)</span> <span class='ocrx_word' id='word_1_331' title='bbox 1502 3140 1850 3192; x_wconf 82' lang='lat' dir='ltr'>Maeonianus</span> <span class='ocrx_word' id='word_1_332' title='bbox 1887 3140 2047 3206; x_wconf 83' lang='lat' dir='ltr'>(Ptol.</span> <span class='ocrx_word' id='word_1_333' title='bbox 2080 3145 2133 3205; x_wconf 77' lang='grc' dir='ltr'>ὅ,</span> <span class='ocrx_word' id='word_1_334' title='bbox 2167 3143 2220 3207; x_wconf 83' lang='grc'>2,</span> <span class='ocrx_word' id='word_1_335' title='bbox 2255 3142 2352 3204; x_wconf 71' lang='lat'>21,-</span> <span class='ocrx_word' id='word_1_336' title='bbox 2391 3142 2442 3195; x_wconf 83' lang='lat' dir='ltr'>C.</span> <span class='ocrx_word' id='word_1_337' title='bbox 2482 3143 2538 3193; x_wconf 93' lang='lat' dir='ltr'><em>V</em></span> <span class='ocrx_word' id='word_1_338' title='bbox 2534 3144 2560 3193; x_wconf 93' lang='lat' dir='ltr'><em>I</em></span> <span class='ocrx_word' id='word_1_339' title='bbox 2590 3145 2764 3212; x_wconf 87' lang='grc'>2669).</span> <span class='ocrx_word' id='word_1_340' title='bbox 2800 3173 2865 3182; x_wconf 89' lang='lat'>—</span> <span class='ocrx_word' id='word_1_341' title='bbox 2905 3148 2958 3208; x_wconf 88' lang='lat'>8)</span> <span class='ocrx_word' id='word_1_342' title='bbox 2995 3144 3153 3195; x_wconf 88' lang='lat' dir='ltr'>Vide·</span> 
     </span>
     <span class='ocr_line' id='line_1_30' title="bbox 587 3225 2684 3295; baseline 0.002 -19"><span class='ocrx_word' id='word_1_343' title='bbox 587 3233 680 3278; x_wconf 81' lang='lat' dir='ltr'>tur</span> <span class='ocrx_word' id='word_1_344' title='bbox 711 3227 1051 3292; x_wconf 78' lang='lat' dir='ltr'>significari.-</span> <span class='ocrx_word' id='word_1_345' title='bbox 1085 3227 1365 3292; x_wconf 76' lang='lat' dir='ltr'>Ephesius,</span> <span class='ocrx_word' id='word_1_346' title='bbox 1399 3227 1485 3277; x_wconf 79' lang='lat' dir='ltr'>vel</span> <span class='ocrx_word' id='word_1_347' title='bbox 1517 3243 1586 3276; x_wconf 73' lang='lat' dir='ltr'>ex</span> <span class='ocrx_word' id='word_1_348' title='bbox 1622 3227 1742 3292; x_wconf 88' lang='lat' dir='ltr'>Ipso</span> <span class='ocrx_word' id='word_1_349' title='bbox 1776 3227 2046 3294; x_wconf 74' lang='lat' dir='ltr'>Phrygiae</span> <span class='ocrx_word' id='word_1_350' title='bbox 2083 3225 2214 3292; x_wconf 85' lang='lat' dir='ltr'>(Mo.</span> <span class='ocrx_word' id='word_1_351' title='bbox 2255 3225 2308 3278; x_wconf 83' lang='lat' dir='ltr'>C.</span> <span class='ocrx_word' id='word_1_352' title='bbox 2346 3227 2427 3278; x_wconf 86' lang='grc' dir='ltr'>ΙΙΙ</span> <span class='ocrx_word' id='word_1_353' title='bbox 2453 3244 2510 3293; x_wconf 84' lang='lat' dir='ltr'>p.</span> <span class='ocrx_word' id='word_1_354' title='bbox 2546 3229 2684 3295; x_wconf 77' lang='lat'><strong>917).</strong></span> 
     </span>
    </p>
   </div>
   <div class='ocr_carea' id='block_1_6' title="bbox 586 3384 3149 4795">
    <p class='ocr_par' dir='ltr' id='par_1_8' title="bbox 586 3384 3148 4192">
     <span class='ocr_line' id='line_1_31' title="bbox 756 3384 3148 3479; baseline 0.001 -20"><span class='ocrx_word' id='word_1_355' title='bbox 756 3395 928 3466; x_wconf 81' lang='lat'>1989</span> <span class='ocrx_word' id='word_1_356' title='bbox 995 3399 1137 3478; x_wconf 90' lang='lat' dir='ltr'>imp.</span> <span class='ocrx_word' id='word_1_357' title='bbox 1198 3398 1589 3479; x_wconf 79' lang='lat' dir='ltr'>Vespasianus</span> <span class='ocrx_word' id='word_1_358' title='bbox 1635 3397 1847 3459; x_wconf 87' lang='lat' dir='ltr'>Caesar</span> <span class='ocrx_word' id='word_1_359' title='bbox 1891 3401 2171 3478; x_wconf 84' lang='lat' dir='ltr'>August.,</span> <span class='ocrx_word' id='word_1_360' title='bbox 2229 3398 2512 3460; x_wconf 87' lang='lat' dir='ltr'>tribunic.</span> <span class='ocrx_word' id='word_1_361' title='bbox 2571 3408 2819 3479; x_wconf 87' lang='lat' dir='ltr'>potest.,</span> <span class='ocrx_word' id='word_1_362' title='bbox 2879 3420 3000 3463; x_wconf 90' lang='lat' dir='ltr'>cos.</span> <span class='ocrx_word' id='word_1_363' title='bbox 3041 3384 3148 3470; x_wconf 65' lang='grc' dir='ltr'>ΓΡ,</span> 
     </span>
     <span class='ocr_line' id='line_1_32' title="bbox 586 3483 3146 3582; baseline 0.002 -23"><span class='ocrx_word' id='word_1_364' title='bbox 586 3502 899 3570; x_wconf 87' lang='lat' dir='ltr'>veteranis,</span> <span class='ocrx_word' id='word_1_365' title='bbox 946 3505 1045 3581; x_wconf 82' lang='lat' dir='ltr'>qul</span> <span class='ocrx_word' id='word_1_366' title='bbox 1091 3500 1486 3561; x_wconf 87' lang='lat' dir='ltr'>militaverunt</span> <span class='ocrx_word' id='word_1_367' title='bbox 1528 3501 1588 3561; x_wconf 93' lang='lat' dir='ltr'>in</span> <span class='ocrx_word' id='word_1_368' title='bbox 1637 3500 1750 3579; x_wconf 89' lang='lat' dir='ltr'>leg.</span> <span class='ocrx_word' id='word_1_369' title='bbox 1790 3483 1856 3560; x_wconf 72' lang='grc' dir='ltr'>Π</span> <span class='ocrx_word' id='word_1_370' title='bbox 1896 3500 2194 3562; x_wconf 87' lang='lat' dir='ltr'>Adiutrice</span> <span class='ocrx_word' id='word_1_371' title='bbox 2238 3503 2331 3582; x_wconf 90' lang='lat' dir='ltr'>pia</span> <span class='ocrx_word' id='word_1_372' title='bbox 2378 3502 2581 3574; x_wconf 85' lang='lat' dir='ltr'>fidele,</span> <span class='ocrx_word' id='word_1_373' title='bbox 2641 3503 2743 3581; x_wconf 93' lang='lat' dir='ltr'>qui</span> <span class='ocrx_word' id='word_1_374' title='bbox 2794 3503 2999 3565; x_wconf 79' lang='lat' dir='ltr'>vicena</span> <span class='ocrx_word' id='word_1_375' title='bbox 3043 3504 3146 3565; x_wconf 88' lang='lat' dir='ltr'>sti-</span> 
     </span>
     <span class='ocr_line' id='line_1_33' title="bbox 590 3602 3143 3684; baseline 0.001 -20"><span class='ocrx_word' id='word_1_376' title='bbox 590 3604 803 3682; x_wconf 89' lang='lat' dir='ltr'>pendia</span> <span class='ocrx_word' id='word_1_377' title='bbox 849 3613 951 3664; x_wconf 88' lang='lat' dir='ltr'>aut</span> <span class='ocrx_word' id='word_1_378' title='bbox 1006 3603 1176 3682; x_wconf 87' lang='lat' dir='ltr'>plura</span> <span class='ocrx_word' id='word_1_379' title='bbox 1223 3610 1566 3663; x_wconf 86' lang='lat' dir='ltr'>meruerant</span> <span class='ocrx_word' id='word_1_380' title='bbox 1621 3611 1682 3662; x_wconf 89' lang='lat' dir='ltr'>et</span> <span class='ocrx_word' id='word_1_381' title='bbox 1737 3611 1879 3663; x_wconf 88' lang='lat' dir='ltr'>sunt</span> <span class='ocrx_word' id='word_1_382' title='bbox 1934 3602 2156 3664; x_wconf 88' lang='lat' dir='ltr'>dimissi</span> <span class='ocrx_word' id='word_1_383' title='bbox 2213 3604 2461 3664; x_wconf 86' lang='lat' dir='ltr'>honesta</span> <span class='ocrx_word' id='word_1_384' title='bbox 2520 3603 2827 3677; x_wconf 86' lang='lat' dir='ltr'>missione,</span> <span class='ocrx_word' id='word_1_385' title='bbox 2890 3623 3143 3684; x_wconf 91' lang='lat' dir='ltr'>quorum</span> 
     </span>
     <span class='ocr_line' id='line_1_34' title="bbox 592 3703 3147 3785; baseline 0 -20"><span class='ocrx_word' id='word_1_386' title='bbox 592 3705 831 3766; x_wconf 90' lang='lat' dir='ltr'>nomina</span> <span class='ocrx_word' id='word_1_387' title='bbox 877 3704 1211 3785; x_wconf 86' lang='lat' dir='ltr'>subscripta</span> <span class='ocrx_word' id='word_1_388' title='bbox 1255 3715 1427 3766; x_wconf 87' lang='lat' dir='ltr'>sunt:</span> <span class='ocrx_word' id='word_1_389' title='bbox 1486 3705 1628 3784; x_wconf 89' lang='lat' dir='ltr'>ipsis</span> <span class='ocrx_word' id='word_1_390' title='bbox 1686 3703 1887 3765; x_wconf 88' lang='lat' dir='ltr'>liberis</span> <span class='ocrx_word' id='word_1_391' title='bbox 1940 3704 2312 3783; x_wconf 86' lang='lat' dir='ltr'>posterisque</span> <span class='ocrx_word' id='word_1_392' title='bbox 2369 3722 2574 3765; x_wconf 89' lang='lat' dir='ltr'>eorum</span> <span class='ocrx_word' id='word_1_393' title='bbox 2621 3705 2912 3766; x_wconf 83' lang='lat' dir='ltr'>civitatem</span> <span class='ocrx_word' id='word_1_394' title='bbox 2959 3707 3147 3782; x_wconf 84' lang='lat' dir='ltr'>dedit²</span> 
     </span>
     <span class='ocr_line' id='line_1_35' title="bbox 587 3805 3146 3885; baseline 0.001 -18"><span class='ocrx_word' id='word_1_395' title='bbox 587 3818 647 3868; x_wconf 87' lang='lat' dir='ltr'>et</span> <span class='ocrx_word' id='word_1_396' title='bbox 696 3807 1021 3867; x_wconf 90' lang='lat' dir='ltr'>conubium</span> <span class='ocrx_word' id='word_1_397' title='bbox 1068 3824 1199 3867; x_wconf 91' lang='lat' dir='ltr'>cum</span> <span class='ocrx_word' id='word_1_398' title='bbox 1261 3805 1580 3878; x_wconf 85' lang='lat' dir='ltr'>uxoribus,</span> <span class='ocrx_word' id='word_1_399' title='bbox 1642 3825 1787 3885; x_wconf 89' lang='lat' dir='ltr'>quas</span> <span class='ocrx_word' id='word_1_400' title='bbox 1851 3817 1994 3867; x_wconf 89' lang='lat' dir='ltr'>tunc</span> <span class='ocrx_word' id='word_1_401' title='bbox 2051 3805 2426 3878; x_wconf 87' lang='lat' dir='ltr'>habuissent,</span> <span class='ocrx_word' id='word_1_402' title='bbox 2486 3825 2619 3867; x_wconf 87' lang='lat' dir='ltr'>cum</span> <span class='ocrx_word' id='word_1_403' title='bbox 2681 3819 2769 3868; x_wconf 86' lang='lat' dir='ltr'>est</span> <span class='ocrx_word' id='word_1_404' title='bbox 2824 3809 3024 3871; x_wconf 83' lang='lat' dir='ltr'>civitas</span> <span class='ocrx_word' id='word_1_405' title='bbox 3081 3810 3146 3869; x_wconf 79' lang='lat' dir='ltr'>iis</span> 
     </span>
     <span class='ocr_line' id='line_1_36' title="bbox 590 3907 3144 3988; baseline 0 -19"><span class='ocrx_word' id='word_1_406' title='bbox 590 3909 753 3983; x_wconf 88' lang='lat' dir='ltr'>data,</span> <span class='ocrx_word' id='word_1_407' title='bbox 813 3917 914 3969; x_wconf 88' lang='lat' dir='ltr'>aut</span> <span class='ocrx_word' id='word_1_408' title='bbox 964 3907 1117 3987; x_wconf 90' lang='lat' dir='ltr'>siqui</span> <span class='ocrx_word' id='word_1_409' title='bbox 1179 3907 1430 3969; x_wconf 89' lang='lat' dir='ltr'>caelibes</span> <span class='ocrx_word' id='word_1_410' title='bbox 1476 3918 1704 3982; x_wconf 88' lang='lat' dir='ltr'>essent,</span> <span class='ocrx_word' id='word_1_411' title='bbox 1765 3927 1900 3969; x_wconf 90' lang='lat' dir='ltr'>cum</span> <span class='ocrx_word' id='word_1_412' title='bbox 1945 3908 2017 3970; x_wconf 83' lang='lat' dir='ltr'>ils</span> <span class='ocrx_word' id='word_1_413' title='bbox 2062 3927 2208 3987; x_wconf 91' lang='lat' dir='ltr'>quas</span> <span class='ocrx_word' id='word_1_414' title='bbox 2253 3919 2455 3988; x_wconf 87' lang='lat' dir='ltr'>postea</span> <span class='ocrx_word' id='word_1_415' title='bbox 2501 3910 2808 3970; x_wconf 84' lang='lat' dir='ltr'>duxissent</span> <span class='ocrx_word' id='word_1_416' title='bbox 2853 3912 3144 3972; x_wconf 80' lang='lat' dir='ltr'>dumtaxat</span> 
     </span>
     <span class='ocr_line' id='line_1_37' title="bbox 588 4000 3142 4094; baseline 0 -21"><span class='ocrx_word' id='word_1_417' title='bbox 588 4011 807 4092; x_wconf 85' lang='lat' dir='ltr'>singuli</span> <span class='ocrx_word' id='word_1_418' title='bbox 880 4010 1160 4091; x_wconf 86' lang='lat' dir='ltr'>singulas.</span> <span class='ocrx_word' id='word_1_419' title='bbox 1260 4011 1326 4070; x_wconf 97' lang='lat' dir='ltr'>A.</span> <span class='ocrx_word' id='word_1_420' title='bbox 1387 4011 1444 4070; x_wconf 91' lang='lat' dir='ltr'>d.</span> <span class='ocrx_word' id='word_1_421' title='bbox 1512 4029 1634 4071; x_wconf 89' lang='lat' dir='ltr'>non</span> <span class='ocrx_word' id='word_1_422' title='bbox 1704 4011 1871 4071; x_wconf 86' lang='lat' dir='ltr'>Mart.</span> <span class='ocrx_word' id='word_1_423' title='bbox 1930 4010 2068 4090; x_wconf 91' lang='lat' dir='ltr'>imp.</span> <span class='ocrx_word' id='word_1_424' title='bbox 2130 4012 2490 4091; x_wconf 89' lang='lat' dir='ltr'>Vespasiano</span> <span class='ocrx_word' id='word_1_425' title='bbox 2550 4013 2793 4073; x_wconf 86' lang='lat' dir='ltr'>Caesare</span> <span class='ocrx_word' id='word_1_426' title='bbox 2864 4016 3012 4094; x_wconf 87' lang='lat' dir='ltr'>Aug.</span> <span class='ocrx_word' id='word_1_427' title='bbox 3073 4000 3142 4086; x_wconf 76' lang='grc' dir='ltr'>ΙῙ,</span> 
     </span>
     <span class='ocr_line' id='line_1_38' title="bbox 591 4113 1311 4192; baseline -0.003 -16"><span class='ocrx_word' id='word_1_428' title='bbox 591 4114 836 4176; x_wconf 89' lang='lat' dir='ltr'>Caesare</span> <span class='ocrx_word' id='word_1_429' title='bbox 881 4115 1030 4192; x_wconf 90' lang='lat' dir='ltr'>Aug.</span> <span class='ocrx_word' id='word_1_430' title='bbox 1079 4114 1118 4173; x_wconf 81' lang='lat' dir='ltr'>f.</span> <span class='ocrx_word' id='word_1_431' title='bbox 1165 4113 1311 4174; x_wconf 85' lang='lat' dir='ltr'>cos.³</span> 
     </span>
    </p>

    <p class='ocr_par' dir='ltr' id='par_1_9' title="bbox 763 4213 2705 4295">
     <span class='ocr_line' id='line_1_39' title="bbox 763 4213 2705 4295; baseline 0 -20"><span class='ocrx_word' id='word_1_432' title='bbox 763 4215 855 4276; x_wconf 58' lang='lat'>&#39;12⁴</span> <span class='ocrx_word' id='word_1_433' title='bbox 901 4216 945 4289; x_wconf 89' lang='lat'>1,</span> <span class='ocrx_word' id='word_1_434' title='bbox 991 4234 1124 4295; x_wconf 91' lang='lat' dir='ltr'>pag.</span> <span class='ocrx_word' id='word_1_435' title='bbox 1172 4215 1217 4272; x_wconf 91' lang='lat' dir='ltr'>V</span> <span class='ocrx_word' id='word_1_436' title='bbox 1262 4215 1376 4275; x_wconf 91' lang='lat' dir='ltr'>loc.</span> <span class='ocrx_word' id='word_1_437' title='bbox 1423 4214 1730 4274; x_wconf 89' lang='lat' dir='ltr'>XXXXVl.</span> <span class='ocrx_word' id='word_1_438' title='bbox 1735 4215 1756 4246; x_wconf 77' lang='lat'><strong>⁸</strong></span> <span class='ocrx_word' id='word_1_439' title='bbox 1803 4215 2024 4275; x_wconf 87' lang='lat' dir='ltr'>Nervae</span> <span class='ocrx_word' id='word_1_440' title='bbox 2071 4214 2229 4275; x_wconf 90' lang='lat' dir='ltr'>Laidi</span> <span class='ocrx_word' id='word_1_441' title='bbox 2276 4216 2336 4289; x_wconf 82' lang='lat' dir='ltr'>f.,</span> <span class='ocrx_word' id='word_1_442' title='bbox 2381 4213 2705 4275; x_wconf 81' lang='lat' dir='ltr'>Desidiati.⁶</span> 
     </span>
    </p>

    <p class='ocr_par' dir='ltr' id='par_1_10' title="bbox 589 4316 3149 4795">
     <span class='ocr_line' id='line_1_40' title="bbox 757 4316 3146 4399; baseline 0 -20"><span class='ocrx_word' id='word_1_443' title='bbox 757 4318 1132 4399; x_wconf 87' lang='lat' dir='ltr'>Descriptum</span> <span class='ocrx_word' id='word_1_444' title='bbox 1178 4327 1238 4378; x_wconf 88' lang='lat' dir='ltr'>et</span> <span class='ocrx_word' id='word_1_445' title='bbox 1280 4316 1653 4395; x_wconf 89' lang='lat' dir='ltr'>recognitum</span> <span class='ocrx_word' id='word_1_446' title='bbox 1699 4335 1770 4376; x_wconf 85' lang='lat' dir='ltr'>ex</span> <span class='ocrx_word' id='word_1_447' title='bbox 1816 4316 2013 4377; x_wconf 88' lang='lat' dir='ltr'>tabula</span> <span class='ocrx_word' id='word_1_448' title='bbox 2069 4335 2281 4389; x_wconf 88' lang='lat' dir='ltr'>aenea,</span> <span class='ocrx_word' id='word_1_449' title='bbox 2339 4334 2492 4394; x_wconf 91' lang='lat' dir='ltr'>quae</span> <span class='ocrx_word' id='word_1_450' title='bbox 2536 4318 2648 4378; x_wconf 82' lang='lat' dir='ltr'>fixa</span> <span class='ocrx_word' id='word_1_451' title='bbox 2692 4329 2781 4379; x_wconf 83' lang='lat' dir='ltr'>est</span> <span class='ocrx_word' id='word_1_452' title='bbox 2826 4318 3043 4379; x_wconf 82' lang='lat' dir='ltr'>Romae</span> <span class='ocrx_word' id='word_1_453' title='bbox 3088 4319 3146 4378; x_wconf 88' lang='lat' dir='ltr'>in</span> 
     </span>
     <span class='ocr_line' id='line_1_41' title="bbox 592 4418 3148 4501; baseline -0.001 -20"><span class='ocrx_word' id='word_1_454' title='bbox 592 4418 877 4499; x_wconf 88' lang='lat' dir='ltr'>Capitolio</span> <span class='ocrx_word' id='word_1_455' title='bbox 923 4420 984 4480; x_wconf 89' lang='lat' dir='ltr'>in</span> <span class='ocrx_word' id='word_1_456' title='bbox 1031 4420 1210 4500; x_wconf 89' lang='lat' dir='ltr'>podio</span> <span class='ocrx_word' id='word_1_457' title='bbox 1255 4436 1389 4479; x_wconf 90' lang='lat' dir='ltr'>arae</span> <span class='ocrx_word' id='word_1_458' title='bbox 1434 4419 1631 4497; x_wconf 88' lang='lat' dir='ltr'>gentis</span> <span class='ocrx_word' id='word_1_459' title='bbox 1661 4418 1845 4480; x_wconf 85' lang='lat' dir='ltr'>Iuliae</span> <span class='ocrx_word' id='word_1_460' title='bbox 1889 4418 2071 4479; x_wconf 90' lang='lat' dir='ltr'>latere</span> <span class='ocrx_word' id='word_1_461' title='bbox 2108 4420 2313 4480; x_wconf 81' lang='lat' dir='ltr'>dextro</span> <span class='ocrx_word' id='word_1_462' title='bbox 2361 4426 2498 4479; x_wconf 87' lang='lat' dir='ltr'>ante</span> <span class='ocrx_word' id='word_1_463' title='bbox 2531 4419 2705 4496; x_wconf 86' lang='lat' dir='ltr'>signu</span> <span class='ocrx_word' id='word_1_464' title='bbox 2750 4420 2879 4481; x_wconf 89' lang='lat' dir='ltr'>Lib.</span> <span class='ocrx_word' id='word_1_465' title='bbox 2924 4420 3148 4501; x_wconf 84' lang='lat' dir='ltr'>patris.⁷</span> 
     </span>
     <span class='ocr_line' id='line_1_42' title="bbox 589 4519 3148 4601; baseline -0 -19"><span class='ocrx_word' id='word_1_466' title='bbox 589 4522 652 4582; x_wconf 94' lang='lat' dir='ltr'>C.</span> <span class='ocrx_word' id='word_1_467' title='bbox 711 4521 877 4582; x_wconf 90' lang='lat' dir='ltr'>Helvi</span> <span class='ocrx_word' id='word_1_468' title='bbox 937 4521 1142 4601; x_wconf 89' lang='lat' dir='ltr'>Lepidi</span> <span class='ocrx_word' id='word_1_469' title='bbox 1189 4521 1515 4582; x_wconf 88' lang='lat' dir='ltr'>Salonitani</span> <span class='ocrx_word' id='word_1_470' title='bbox 1562 4557 1646 4566; x_wconf 89' lang='lat'>—</span> <span class='ocrx_word' id='word_1_471' title='bbox 1702 4519 1772 4590; x_wconf 86' lang='lat' dir='ltr'>Q.</span> <span class='ocrx_word' id='word_1_472' title='bbox 1835 4520 2076 4581; x_wconf 89' lang='lat' dir='ltr'>Petroni</span> <span class='ocrx_word' id='word_1_473' title='bbox 2122 4519 2341 4581; x_wconf 87' lang='lat' dir='ltr'>Musaei</span> <span class='ocrx_word' id='word_1_474' title='bbox 2401 4521 2677 4583; x_wconf 87' lang='lat' dir='ltr'>Iadestini</span> <span class='ocrx_word' id='word_1_475' title='bbox 2720 4557 2800 4566; x_wconf 90' lang='lat'>—</span> <span class='ocrx_word' id='word_1_476' title='bbox 2849 4522 2913 4582; x_wconf 90' lang='lat' dir='ltr'>L.</span> <span class='ocrx_word' id='word_1_477' title='bbox 2960 4522 3148 4583; x_wconf 89' lang='lat' dir='ltr'>Valeri</span> 
     </span>
     <span class='ocr_line' id='line_1_43' title="bbox 589 4621 3149 4685; baseline 0 -2"><span class='ocrx_word' id='word_1_478' title='bbox 589 4623 761 4684; x_wconf 92' lang='lat' dir='ltr'>Acuti</span> <span class='ocrx_word' id='word_1_479' title='bbox 816 4624 1062 4684; x_wconf 86' lang='lat' dir='ltr'>Salonit.</span> <span class='ocrx_word' id='word_1_480' title='bbox 1120 4660 1204 4669; x_wconf 92' lang='lat'>-—</span> <span class='ocrx_word' id='word_1_481' title='bbox 1262 4622 1336 4684; x_wconf 81' lang='lat' dir='ltr'>M.</span> <span class='ocrx_word' id='word_1_482' title='bbox 1385 4623 1548 4684; x_wconf 90' lang='lat' dir='ltr'>Nassi</span> <span class='ocrx_word' id='word_1_483' title='bbox 1608 4621 1829 4684; x_wconf 89' lang='lat' dir='ltr'>Phoebi</span> <span class='ocrx_word' id='word_1_484' title='bbox 1890 4621 2137 4683; x_wconf 88' lang='lat' dir='ltr'>Salouit.</span> <span class='ocrx_word' id='word_1_485' title='bbox 2198 4656 2282 4666; x_wconf 89' lang='lat'><strong>—</strong></span> <span class='ocrx_word' id='word_1_486' title='bbox 2339 4621 2402 4682; x_wconf 89' lang='lat' dir='ltr'>L.</span> <span class='ocrx_word' id='word_1_487' title='bbox 2466 4622 2692 4684; x_wconf 89' lang='lat' dir='ltr'>Publici</span> <span class='ocrx_word' id='word_1_488' title='bbox 2738 4623 3021 4685; x_wconf 85' lang='lat' dir='ltr'>Germulli</span> <span class='ocrx_word' id='word_1_489' title='bbox 3065 4659 3149 4669; x_wconf 92' lang='lat'>——</span> 
     </span>
     <span class='ocr_line' id='line_1_44' title="bbox 590 4723 2586 4795; baseline 0.001 -12"><span class='ocrx_word' id='word_1_490' title='bbox 590 4723 663 4794; x_wconf 89' lang='lat' dir='ltr'>Q.</span> <span class='ocrx_word' id='word_1_491' title='bbox 710 4724 936 4786; x_wconf 89' lang='lat' dir='ltr'>Publici</span> <span class='ocrx_word' id='word_1_492' title='bbox 983 4725 1322 4786; x_wconf 88' lang='lat' dir='ltr'>Macedonis</span> <span class='ocrx_word' id='word_1_493' title='bbox 1367 4724 1639 4785; x_wconf 86' lang='lat' dir='ltr'>Neditani</span> <span class='ocrx_word' id='word_1_494' title='bbox 1685 4758 1770 4769; x_wconf 90' lang='lat'>—</span> <span class='ocrx_word' id='word_1_495' title='bbox 1818 4724 1888 4795; x_wconf 88' lang='lat' dir='ltr'>Q.</span> <span class='ocrx_word' id='word_1_496' title='bbox 1937 4723 2164 4784; x_wconf 89' lang='lat' dir='ltr'>Publici</span> <span class='ocrx_word' id='word_1_497' title='bbox 2208 4723 2586 4786; x_wconf 73' lang='lat' dir='ltr'>Crescentis.⁸</span> 
     </span>
    </p>
   </div>
   <div class='ocr_carea' id='block_1_7' title="bbox 1434 4199 1715 4206">
    <p class='ocr_par' dir='ltr' id='par_1_11' title="bbox 1434 4199 1715 4206">
     <span class='ocr_line' id='line_1_45' title="bbox 1434 4199 1715 4206; baseline 0 1181"><span class='ocrx_word' id='word_1_498' title='bbox 1434 4199 1715 4206; x_wconf 95' lang='lat' dir='ltr'> </span> 
     </span>
    </p>
   </div>
  </div>
 </body>
</html>
