3432 5387
1359 351 1529 407 Tituli
1564 353 1845 407 militare&
2759 354 2882 413 459

487 524 827 589 Moguntiaci
864 522 1192 588 (Brambacli
1224 525 1363 575 4225
1401 524 1582 591 vidit).
1618 552 1687 562 —
1738 527 1786 589 1)
1825 522 1905 584 Cf.
1945 523 2014 574 Ν.
2037 524 2174 575 2275
2210 528 2320 577 not.
2346 525 2394 579 4.
2418 553 2482 562 -
2521 527 2571 589 2)
2607 524 2710 576 Est
2745 526 2884 591 legio

312 612 567 661 vicesima
613 608 847 659 secunda
890 610 1254 674 Primigenia,
1302 612 1606 675 conscripta
1651 613 1712 658 ut
1757 609 1970 659 videtur
2013 626 2045 658 a
2085 608 2307 660 Claudio
2352 614 2403 659 et
2442 612 2502 661 in
2541 611 2883 663 Germaniam

310 698 645 761 superiorem
689 696 849 744 missa
894 692 1049 759 (Tac.
1086 696 1209 746 Izist.
1245 695 1291 759 4,
1323 696 1392 745 55
1433 696 1580 761 cet.)‚
1620 696 1680 743 in
1716 695 1871 743 cuius
1915 696 2230 759 provinciae
2277 697 2482 760 capite,
2527 696 2885 762 Moguntiaci,

305 797 411 846 per
444 780 658 831 saecula
696 780 933 844 tetendit,
968 782 1078 830 nisi
1111 780 1256 846 quod
1298 780 1625 844 temporibus
1658 778 1978 829 Flauiorum
2015 783 2257 844 primum
2305 782 2365 829 in
2401 779 2623 846 Illyrico
2671 783 2886 837 videtur

307 865 498 930 fuisse,
533 865 726 916 deinde
755 868 813 915 in
852 865 1139 916 Germania
1174 862 1455 926 inferiore.
1527 865 1617 915 Ex
1652 864 1835 913 multis
1869 866 2157 930 epitaphiis
2190 863 2422 915 militum
2459 867 2617 916 liuius
2652 869 2882 931 legionis

311 951 653 1016 Moguntiaci
685 952 769 1001 vel
798 965 966 1015 prope
1002 949 1408 1014 Moguntiacum
1443 952 1671 1014 repertis
1707 954 1964 1015 quattuor
2000 954 2211 1000 tantum
2259 951 2384 1017 (lzoc
2420 954 2470 1000 et
2505 950 2720 1003 Bramb.
2754 954 2878 1005 952.

308 1036 454 1088 4075.
491 1036 662 1102 4247),
698 1036 925 1100 reliquis
958 1037 1071 1084 nisi
1102 1033 1270 1093 fallor
1304 1037 1638 1099 antiquiora,
1674 1048 1969 1097 cognomen
2005 1034 2366 1100 Primigeniae
2403 1038 2670 1087 omittunt.

483 1170 655 1241 2277
726 1171 793 1232 L.
839 1171 1166 1252 Appuleius
1203 1172 1213 1251 Ι
1253 1172 1319 1232 L.
1369 1174 1407 1232 s.
1456 1162 1660 1250 Sergia
1699 1170 1708 1251 Ι
1750 1172 2108 1235 Iadestinus¹
2163 1175 2172 1254 Ι
2214 1172 2429 1248 [adei-²,
2475 1175 2598 1235 mil.
2639 1176 2649 1257 Ι
2698 1176 2808 1254 leg.
2857 1177 2881 1237 1

311 1275 534 1336 Adiut.³
572 1275 580 1353 Ι
621 1293 717 1335 an.
765 1274 937 1348 XXV,
984 1276 1121 1355 stip.
1161 1272 1171 1356 Ι
1212 1273 1318 1345 Vl,
1364 1275 1421 1334 h.
1469 1293 1515 1334 S.
1562 1293 1635 1347 e.,
1681 1275 1741 1333 h.
1787 1276 1828 1334 f.
1874 1293 1928 1335 c.

480 1376 654 1440 Prope
683 1373 1090 1439 Moguntiacum
1127 1374 1200 1424 ad
1231 1376 1406 1424 vicum
1432 1373 1707 1424 Zalzlbaclz
1742 1390 1853 1439 rep.
1891 1375 2217 1440 (Brambaclz
2238 1376 2360 1427 4444
2399 1377 2576 1443 vidit).
2612 1404 2678 1414 -—
2724 1381 2773 1443 1)
2799 1376 2880 1438 Cfi

308 1459 377 1512 Ν.
397 1461 530 1511 2046
547 1465 654 1511 not.
673 1459 721 1511 4.
736 1487 800 1498 -
827 1462 876 1525 2)
897 1460 1055 1510 Iader
1074 1460 1328 1525 oppidum
1345 1459 1668 1511 Dalmatiae.
1709 1460 1998 1510 Praeterea
2018 1461 2292 1524 epitaphia
2313 1460 2652 1526 Moguntiaci
2667 1469 2881 1529 reperta

309 1546 571 1596 dederunt
605 1548 715 1594 tres
750 1546 886 1596 alios
924 1545 1153 1609 legionis
1182 1547 1393 1609 primae
1429 1544 1732 1595 Adiutricis
1768 1543 1961 1595 milites
1996 1545 2257 1595 oriundos
2291 1562 2362 1596 σω
2396 1546 2692 1614 Dalmatia,
2729 1554 2880 1613 quat-

309 1635 436 1681 tuor
480 1629 740 1680 oriundos
782 1647 852 1680 ex
885 1631 1168 1681 Pannonia
1208 1628 1337 1694 (Mo.
1375 1631 1490 1693 eph.
1529 1644 1608 1694 ep.
1640 1631 1675 1679 5
1707 1646 1762 1695 p.
1799 1630 1941 1694 200).
2013 1630 2119 1679 Hos
2155 1646 2336 1681 omnes
2368 1630 2537 1691 fuisse
2572 1648 2642 1682 ιω
2676 1636 2751 1682 eis
2787 1635 2882 1697 qui

310 1731 430 1767 cum
457 1718 697 1781 primum
724 1715 1044 1766 militassent
1065 1718 1210 1765 inter
1234 1714 1501 1778 classicos,
1536 1731 1586 1766 a.
1611 1716 1675 1765 69
1710 1712 1769 1766 in
1804 1712 2040 1774 somnam
2076 1714 2306 1779 legionis
2340 1716 2548 1768 redacti
2580 1721 2719 1779 sunt,
2747 1733 2880 1783 pro-

310 1802 559 1852 babiliter
609 1801 838 1851 coniecit
883 1798 1346 1851 Domaszewslcius
1388 1814 1521 1849 mus.
1559 1798 1724 1849 Rhen.
1771 1800 1834 1850 46
1877 1815 1934 1864 p.
1984 1800 2085 1851 603
2119 1804 2230 1851 not.
2314 1801 2536 1852 Classici
2583 1806 2724 1853 enim
2769 1803 2881 1852 illis

308 1888 631 1952 temporibus
664 1900 865 1950 magna
897 1901 1028 1949 pars
1063 1885 1350 1935 Dalmatae
1387 1885 1756 1948 Pannoniique
1793 1887 1973 1949 erant,
2021 1887 2240 1935 testibus
2285 1885 2469 1937 Tacito
2508 1886 2656 1952 (hist.
2692 1888 2746 1948 3,
2783 1887 2876 1955 42)

308 1976 363 2021 et
398 1971 838 2036 inscriptionibus
876 1969 972 2035 (cf.
1004 1985 1170 2035 supra
1206 1970 1350 2020 4989.
1376 1969 1500 2020 4994
1518 1987 1540 2029 ‚·
1586 1967 1688 2019 Mo.
1718 1971 1834 2033 eplz.
1857 1970 1891 2019 5
1924 1984 1977 2032 p.
2004 1969 2112 2021 484.
2140 1970 2282 2034 483).
2309 2000 2374 2008 -
2411 1975 2463 2034 3)
2498 1970 2665 2036 Legio
2697 1974 2879 2037 prima

306 2056 591 2120 Adiutriae,
616 2056 678 2105 de
699 2058 852 2105 cuius
872 2056 1085 2119 origine
1108 2071 1178 2104 eac
1202 2054 1437 2104 classicis
1462 2052 1533 2113 cll
1551 2068 1719 2118 supra
1752 2051 1813 2104 N.
1832 2053 1963 2104 4988
1982 2058 2091 2105 not.
2110 2055 2163 2118 2,
2189 2071 2222 2105 a
2246 2056 2461 2107 Vitellio
2481 2058 2539 2106 in
2559 2057 2878 2122 Hispaniam

304 2142 544 2206 relegata
582 2139 734 2202 (Tac.
761 2142 883 2193 hist.
907 2140 960 2204 2,
982 2140 1061 2191 67.
1095 2141 1149 2203 5,
1172 2139 1276 2205 44),
1314 2154 1455 2188 anno
1489 2139 1553 2188 70
1590 2140 1764 2188 accita
1801 2142 1879 2188 est
1913 2141 1973 2187 in
2012 2137 2356 2190 Germaniam
2395 2140 2547 2207 (Tac.
2585 2143 2708 2193 hist.
2743 2145 2790 2206 4,
2813 2144 2878 2193 68

306 2226 376 2286 cs:
413 2226 519 2279 Mo.
557 2226 733 2275 Herm.
768 2226 830 2276 49
864 2242 917 2290 p.
951 2226 1045 2275 440
1079 2230 1188 2275 not.
1225 2224 1315 2289 4),·
1350 2220 1690 2287 Moguntiaci
1729 2238 1830 2287 per
1866 2222 2088 2287 aliquod
2123 2228 2325 2288 tempus
2369 2228 2575 2276 stetisse
2613 2230 2878 2277 testantur

307 2312 453 2361 tituli
461 2330 482 2374 ;
516 2309 627 2371 fuit
661 2312 720 2359 in
761 2309 1049 2361 Germania
1082 2312 1359 2374 superiore
1394 2311 1555 2358 etiam
1590 2310 1764 2358 initiis
1807 2307 2048 2372 Traiani,
2085 2308 2156 2368 ch
2193 2308 2346 2368 infra
2382 2308 2450 2360 Ν.
2488 2312 2623 2363 2286
2636 2330 2655 2373 ,·
2681 2314 2874 2377 paullo

300 2401 426 2462 post
459 2398 518 2446 in
555 2396 890 2446 Pannoniam
923 2396 1254 2458 superiorem
1291 2392 1558 2443 translata
1595 2397 1687 2443 est.

475 2528 649 2600 2278
711 2532 779 2592 T.
813 2531 1078 2593 Valerius
1122 2488 2418 2610 'li—{M
2459 2533 2525 2591 Α.
2573 2551 2629 2611 p.
2677 2534 2744 2592 12²
2788 2530 2797 2613 Ι
2837 2547 2874 2593 γ

301 2633 597 2697 Dossenni
636 2631 646 2713 Ι
686 2633 924 2696 Proculi
971 2652 1020 2693 a.
1066 2629 1241 2707 XXX,
1283 2629 1292 2713 Ι
1332 2650 1450 2692 aer.
1496 2630 1549 2691 X
1595 2676 1609 2690 .
1659 2676 1673 2690 .
1724 2676 1760 2704 .,
1805 2632 1863 2691 h.
1909 2632 1964 2691 d.
2012 2651 2058 2692 S.
2105 2653 2182 2714 p.,
2229 2634 2286 2693 h.
2334 2652 2381 2695 s.
2427 2634 2505 2695 e.³

473 2735 639 2786 Lindi
674 2750 813 2800 rep„
859 2737 939 2783 est
971 2733 1209 2784 Londini
1255 2731 1387 2796 (VII
1421 2734 1517 2784 485
1567 2732 1703 2783 vidit
1742 2733 2030 2791 Huebner).
2066 2762 2135 2771 —
2187 2737 2234 2799 1)
2272 2734 2519 2787 Savaria.
2556 2762 2623 2772 —
2661 2737 2711 2799 2)
2745 2736 2872 2786 Alia

303 2837 510 2888 quoque
564 2821 837 2885 epitaphia
896 2819 1173 2883 complura
1227 2818 1462 2867 militum
1518 2818 1747 2883 legionis
1804 2819 2066 2870 secundae
2121 2820 2421 2870 Adiutricis
2476 2823 2533 2870 in
2579 2820 2872 2871 Britannia

300 2909 513 2971 reperta
549 2907 677 2955 sunt
713 2902 849 2969 (VII
877 2905 958 2956 48.
982 2902 1077 2954 486
1089 2922 1110 2965 ,·
1146 2902 1451 2965 Haverfield
1482 2905 1815 2955 Athenaeum
1851 2905 1913 2955 46
1935 2904 2068 2970 Apr.
2096 2904 2284 2971 4892),·
2319 2904 2460 2954 unde
2495 2905 2679 2969 colligi
2694 2909 2875 2970 potest

303 3006 418 3041 eam
444 3004 550 3055 per
586 2989 810 3055 aliquod
842 2993 1064 3053 tempus,
1100 2991 1388 3053 antequam
1423 2992 1481 3038 in
1504 2990 1789 3040 Pannonia
1826 2989 2002 3039 sedem
2037 2988 2243 3054 figeret,
2279 2992 2336 3039 in
2370 2990 2658 3040 Britannia
2694 3004 2874 3042 mora-

302 3080 411 3126 tam
445 3090 569 3125 esse.
606 3102 671 3111 —
708 3075 758 3137 3)
798 3073 957 3123 Heres
993 3072 1057 3122 de
1090 3087 1187 3122 suo
1218 3075 1419 3138 posuit,
1458 3075 1545 3124 llic
1578 3077 1713 3124 situs
1749 3078 1838 3125 est.

470 3207 640 3278 2279
709 3209 774 3269 L.
820 3208 1047 3287 Magius
1092 3207 1180 3267 L.¹
1222 3205 1231 3289 Ι
1286 3207 1422 3268 Ouf.
1485 3210 1710 3270 Dubius
1748 3208 1758 3290 Ι
1797 3208 2144 3279 Mediolani,
2205 3209 2325 3269 mil.
2377 3206 2386 3290 Ι
2438 3208 2549 3289 leg.
2597 3209 2623 3268 1
2668 3209 2734 3271 F.
2793 3211 2871 3272 Μ.

305 3333 363 3392 p.
391 3314 430 3373 f.
454 3312 568 3385 D.²‚
600 3307 915 3393 arlmorum
940 3317 1137 3370 custos
1163 3307 1267 3387 0³1
1300 3312 1492 3372 Aufidi
1514 3312 1813 3385 Martialis,
1850 3311 1856 3392 Ι
1892 3330 2032 3370 ann.
2063 3307 2247 3368 XXXI
2278 3310 2411 3390 stip.
2438 3310 2590 3385 XIII,
2625 3308 2635 3394 Ι
2667 3313 2727 3373 h.
2753 3313 2794 3373 f.
2818 3332 2870 3374 c.

467 3413 640 3477 Prope
672 3412 918 3461 Bonnam
965 3423 1077 3473 rep.
1135 3426 1187 3459 a.
1230 3408 1358 3460 4875
1406 3410 1815 3475 (Freudenberg
1852 3425 1975 3460 ann.
2012 3407 2176 3463 Rhen.
2220 3411 2286 3460 57
2323 3426 2381 3475 p.
2423 3411 2529 3477 70).
2575 3439 2643 3447 —
2693 3416 2740 3476 1)
2789 3411 2870 3472 Cf.

295 3497 364 3549 N.
397 3499 551 3550 2246.
602 3522 672 3535 -
719 3497 768 3557 2)
823 3493 976 3543 Miles
1026 3492 1258 3557 legionis
1309 3498 1518 3559 primae
1563 3497 1792 3548 Flaviae
1831 3493 1900 3559 (Ρ)
1953 3494 2247 3545 Minerviae
2285 3498 2413 3560 piae
2463 3495 2642 3557 fidelis
2686 3496 2872 3546 Domi-

294 3587 477 3633 tianae
502 3583 591 3647 (³⁸).
661 3578 831 3643 Legio
864 3579 1045 3643 prima
1084 3577 1352 3629 Mineruia
1381 3583 1481 3644 pia
1514 3579 1690 3641 fidelis
1727 3583 1782 3629 in
1821 3580 1920 3629 lzoc
1953 3578 2066 3628 solo
2106 3579 2262 3628 titulo
2300 3579 2512 3631 videtur
2536 3581 2648 3631 diei
2670 3582 2868 3633 Flavia

295 3672 346 3717 et
381 3667 693 3716 Domitiana
732 3663 862 3730 (Mo.
896 3664 1012 3727 eph.
1048 3665 1081 3712 5
1115 3679 1170 3727 p.
1198 3667 1329 3727 202,·
1368 3663 1653 3729 Ritterling
1690 3664 1756 3714 de
1791 3664 1997 3726 legione
2023 3664 2226 3714 decima
2255 3662 2475 3715 Gemina
2508 3682 2561 3732 p.
2588 3667 2695 3730 45),
2729 3679 2872 3733 'quae

295 3752 615 3816 cognomina
658 3753 782 3814 post
826 3752 1051 3798 mortem
1086 3748 1395 3798 Domitiani
1438 3749 1636 3800 abolita
1684 3765 1793 3798 esse
1830 3753 2236 3799 consentaneum
2271 3753 2363 3800 est.
2403 3777 2464 3785 —
2505 3753 2556 3812 3)
2597 3751 2869 3802 Centuria.

466 4000 641 4071 2280
706 4002 794 4064 Ti.
841 4001 1051 4063 Caesar
1108 4001 1222 4061 divi
1267 4002 1416 4082 Aug.
1464 4003 1501 4062 f.
1544 4005 1554 4082 Ι
1605 4003 1906 4081 Augustus
1952 4003 2136 4081 imp.¹,
2195 4005 2408 4082 pontis.
2453 4023 2625 4079 max„
2666 4004 2676 4087 Ι
2731 4007 2865 4067 trib.

295 4116 509 4189 potest.
556 4104 711 4178 XX²‚
767 4122 887 4165 cos.
934 4103 1033 4164 lll.
1076 4102 1085 4186 Ι
1125 4104 1264 4182 Leg.
1314 4103 1445 4179 Vll,
1493 4104 1603 4184 leg.
1651 4103 1784 4177 XF,
1825 4101 1835 4186 Ι
1875 4104 1939 4162 Ρ.
1987 4103 2259 4165 Cornelio
2307 4106 2638 4167 Dolabella‘¹
2692 4110 2702 4184 Ι
2752 4108 2865 4187 leg.

295 4229 404 4290 pro
454 4227 545 4290 pr.

470 4308 674 4367 Zoraa,
724 4307 817 4355 ubi
851 4303 963 4365 fuit
999 4304 1158 4354 Iader
1205 4304 1313 4370 (ΙΙΙ
1343 4305 1478 4356 2908
1512 4306 1728 4369 saepius
1765 4304 2074 4370 descripta).
2125 4334 2183 4341 —
2236 4310 2282 4370 1)
2334 4306 2413 4366 Cli
2450 4323 2617 4372 supra
2664 4306 2732 4359 N.
2769 4309 2865 4359 455

296 4399 405 4445 not.
441 4394 488 4444 4.
526 4420 593 4428 -
633 4393 682 4453 2)
718 4391 782 4440 Α.
819 4389 981 4453 48149.
1017 4416 1086 4427 —
1123 4391 1172 4453 3)
1208 4390 1360 4438 Duae
1399 4389 1632 4453 legiones
1670 4389 1973 4439 Dalmatiae
2019 4388 2173 4455 (Tac.
2213 4407 2335 4440 ann.
2371 4394 2420 4456 4,
2452 4392 2544 4458 5),
2593 4391 2663 4452 cll
2700 4409 2864 4459 supra

296 4477 362 4529 Ν.
397 4478 557 4529 2252.
592 4476 751 4527 2255.
788 4475 925 4526 2257
944 4491 1051 4539 seq.
1084 4500 1155 4512 —
1190 4477 1241 4538 4)
1281 4472 1361 4534 Cf.
1396 4490 1562 4539 supra
1596 4473 1664 4525 N.
1700 4475 1818 4526 438.

464 4610 634 4682 2281
702 4612 790 4673 Τὶ.
825 4612 1069 4674 Caesare
1101 4617 1248 4693 Aug.
1297 4615 1335 4674 s.
1377 4613 1384 4696 Ι
1426 4617 1690 4693 Augusto
1736 4613 2093 4692 imperator„
2134 4611 2143 4694 Ι
2184 4625 2350 4693 pont.
2399 4633 2570 4688 max„
2618 4625 2691 4676 tr.
2740 4624 2860 4697 pot.

299 4714 543 4776 XXXV.¹
584 4713 593 4797 Ι
634 4714 774 4794 Leg.
822 4713 931 4773 llll
978 4714 1156 4793 Scyt„
1203 4715 1314 4794 leg.
1361 4715 1404 4774 V
1450 4715 1695 4778 Maced?
