3432 5387
527 392 653 451 540
1656 397 1837 467 Caput
1868 398 1966 452 IX.

700 566 984 616 Ferentini
1002 564 1076 628 (Χ
1089 568 1227 618 5829
1244 567 1382 617 vidit
1399 568 1732 637 Mommsen).
1745 597 1809 607 -
1831 569 2031 632 l)Nota
2052 572 2110 620 in
2130 570 2288 621 titulo
2306 568 2510 631 frontis
2528 576 2837 624 enumerari
2856 574 3097 625 culmina

531 655 738 702 tantum
763 652 1024 702 honorum
1051 667 1182 717 quos
1205 652 1427 717 adeptus
1450 658 1529 703 est
1550 655 1772 705 Pontius
1795 654 2042 716 Sabinus,
2073 655 2470 721 primipilatum
2493 658 2748 708 iteratum
2772 656 2872 723 (cfi
2898 662 3011 711 not.
3030 661 3098 723 5)

528 742 581 787 et
605 740 1047 803 procurationem
1076 740 1392 802 provinciae
1424 737 1808 803 Narbonensis,
1844 742 1903 790 in
1937 740 2096 790 titulo
2130 740 2477 804 secundario,
2515 743 2609 806 qui
2637 746 2971 809 perscriptus
3017 749 3107 795 est

526 837 677 873 more
712 823 877 886 elogii
912 838 1040 873 casu
1085 825 1293 889 primo,
1340 838 1518 873 omnes
1553 827 1665 874 eius
1712 826 1939 875 honores
1983 828 2261 877 recenseri.
2309 853 2375 864 —
2423 827 2474 891 2)
2510 823 2823 886 Praefectus
2859 831 3106 880 cohortis

525 910 735 974 primae
777 908 1181 959 Pannoniorum
1217 913 1271 958 et
1306 908 1679 959 Dalmatarum
1727 911 1997 975 equitatae
2034 911 2232 960 civium
2274 909 2654 962 Romanorum.
2694 941 2763 950 —
2810 915 2863 977 3)
2911 913 3106 964 Iudice

529 993 851 1044 Mommseno
890 993 1032 1059 (epla.
1073 1008 1150 1058 ep.
1185 995 1216 1043 4
1259 1009 1315 1058 p.
1352 994 1460 1045 235
1496 998 1608 1044 not.
1643 994 1699 1060 4)
1740 994 1962 1045 Pontius
1998 994 2231 1045 Sabinus
2260 1000 2385 1059 post
2413 993 2817 1060 praefecturam
2852 1000 3104 1048 cohortis

527 1085 580 1130 et
627 1081 960 1129 tribunatum
1005 1077 1365 1142 legionarium
1401 1079 1560 1129 desiit
1603 1095 1712 1129 esse
1763 1095 1919 1144 eques
1952 1079 2224 1132 Romanus
2268 1085 2319 1131 et
2358 1080 2538 1141 factus
2583 1086 2663 1131 est
2696 1084 2941 1133 centurio
2995 1080 3103 1144 (cf.

526 1165 596 1219 Ν.
629 1166 763 1218 2654
813 1169 926 1214 not.
959 1166 1047 1229 2),
1090 1164 1233 1214 unde
1277 1179 1470 1214 rursus
1503 1165 1665 1215 solita
1711 1167 1799 1215 via
1835 1165 1909 1216 ad
1947 1166 2198 1215 militiam
2245 1171 2537 1232 equestrem
2580 1172 2861 1232 promotus
2894 1172 2992 1218 est.
3028 1196 3101 1205 —

526 1254 579 1316 4)
617 1251 745 1302 Cum
783 1250 1223 1301 vexillationibus
1256 1250 1452 1300 harum
1487 1253 1653 1300 trium
1692 1250 1964 1315 leg-ionum
1990 1251 2376 1317 praeficeretur
2401 1251 2649 1315 Sabinus,
2682 1252 2823 1317 legio
2859 1254 3098 1318 septima

532 1337 751 1390 Gemina
799 1336 1014 1386 videtur
1056 1351 1166 1385 una
1202 1349 1323 1384 cum
1360 1340 1547 1386 octava
1585 1337 1833 1400 Augusta
1876 1341 1928 1386 et
1961 1338 2210 1387 vicesima
2251 1338 2484 1387 secunda
2521 1337 2853 1402 Primigenia
2888 1340 3099 1389 stativa

526 1425 586 1472 in
625 1421 911 1472 Germania
958 1422 1237 1486 superiore
1282 1421 1528 1470 habuisse
1574 1419 1671 1482 (cs.
1706 1420 1775 1473 Ν.
1809 1421 1989 1489 2729).
2024 1451 2091 1460 -
2128 1424 2178 1485 5)
2214 1422 2509 1487 Primopilo
2545 1425 2741 1472 iterum
2778 1423 2870 1489 (de
2901 1426 3107 1489 primi-

524 1508 702 1574 pilatu
745 1510 868 1571 post
909 1505 1159 1556 militiam
1208 1510 1497 1570 equestrem
1544 1509 1740 1556 iterum
1784 1512 2025 1572 suscepto
2073 1506 2223 1557 dioeit
2267 1507 2373 1558 Mo.
2418 1507 2491 1557 ad
2539 1506 2590 1558 C.
2630 1506 2687 1557 V
2712 1510 2808 1560 867
2832 1531 2899 1552 ι-
2922 1524 3101 1574 supra

526 1590 595 1643 N.
629 1592 795 1654 4339,·
830 1587 902 1661 cll
941 1594 1100 1640 etiam
1137 1589 1204 1642 N.
1242 1590 1389 1642 4349.
1427 1591 1595 1654 4364).

699 1708 872 1781 2727
941 1713 996 1772 d.
1056 1731 1130 1774 m.
1182 1713 1191 1796 Ι
1245 1716 1311 1774 Α.
1358 1713 1555 1773 Atinio
1615 1714 1681 1772 A.
1739 1714 1778 1773 f.
1823 1712 1945 1773 Pal.
1998 1715 2009 1789 Ι
2058 1713 2314 1774 Paterno
2363 1713 2374 1787 Ι
2425 1714 2600 1775 scrib.
2658 1713 2828 1775 aedil.
2890 1730 3022 1773 cur.
3092 1710 3101 1792 Ι

528 1817 675 1879 hon.
713 1836 870 1891 usuS‚
918 1816 990 1876 ab
1023 1816 1161 1897 imp.
1203 1813 1214 1896 Ι
1252 1834 1407 1895 equo
1438 1815 1601 1895 publ.
1633 1815 1867 1888 honor„
1908 1813 1918 1896 Ι
1957 1815 2139 1894 praef.
2173 1816 2305 1875 coh.
2338 1815 2388 1876 11
2421 1816 2653 1877 Bracar.
2692 1813 2703 1896 Ι
2742 1816 3103 1893 Augustam,

534 1920 673 1981 trib.
719 1919 837 1980 mil.
881 1915 892 2000 Ι
930 1919 1041 1997 leg.
1073 1917 1126 1977 X
1157 1918 1445 1987 FretenS.‚
1489 1936 1519 1977 3
1564 1917 1694 1977 divo
1736 1912 1746 1997 Ι
1786 1916 2038 1995 Trajano
2071 1917 2132 1977 in
2163 1917 2520 1997 expedition.
2560 1917 2569 1997 Ι
2610 1917 2879 1978 Parthica
2924 1915 3109 1975 donis

530 2024 752 2095 donat,
793 2021 802 2102 Ι
841 2023 1023 2101 praef.
1071 2021 1195 2080 alae
1240 2019 1338 2080 Vll
1391 2019 1622 2098 phryg„
1680 2036 1808 2079 cur.
1863 2016 1873 2099 Ι
1926 2018 2057 2080 kal.¹
2106 2018 2520 2080 Fabraternor.
2567 2037 2794 2091 novor..
2843 2017 2855 2100 Ι
2896 2018 3101 2080 Atinia

533 2127 602 2185 A.
650 2124 689 2184 f.
740 2122 1015 2183 Faustina
1062 2121 1213 2201 patri
1252 2121 1262 2199 Ι
1302 2122 1524 2200 optimo
1571 2121 1727 2182 fecit.

702 2222 900 2274 Romae
937 2221 1045 2287 (VJ
1076 2221 1210 2272 4838
1243 2224 1460 2284 saepius
1494 2221 1763 2285 descripta
1797 2236 1931 2272 saec.
1957 2219 2070 2271 XV.
2095 2221 2263 2283 XVI).
2288 2250 2351 2257 -—
2395 2221 2442 2284 1)
2482 2221 2733 2273 Curatori
2769 2220 3099 2270 kalendarii.

699 2322 876 2392 2728
941 2324 1003 2385 C.
1037 2324 1310 2385 Camurio
1357 2323 1417 2384 C.
1450 2324 1490 2383 f.
1532 2322 1541 2403 Ι
1583 2323 1745 2384 Lem.
1780 2323 2067 2384 Clementi
2111 2325 2295 2404 praef.
2341 2324 2487 2385 fabr.
2521 2325 2683 2396 11112,
2731 2325 2916 2403 praef.
2961 2324 3005 2384 i.
3036 2323 3100 2383 d.

531 2430 743 2509 imper.
783 2425 794 2508 Ι
834 2427 995 2488 Caes.
1029 2426 1265 2486 Traiani
1305 2427 1472 2504 Aug„
1520 2427 1702 2506 praef.
1751 2426 1881 2486 coh.
1921 2425 1931 2508 Ι
1973 2426 2267 2487 V11Raet.
2314 2421 2561 2512 equ[i]t.,
2605 2425 2743 2487 trib.
2790 2427 2911 2487 mil.
2959 2425 3099 2487 coh.

530 2529 541 2613 Ι
583 2530 790 2610 Ulpiae
823 2529 1122 2589 Petraeor.
1168 2528 1397 2587 milliar.
1438 2530 1447 2604 Ι
1489 2528 1690 2607 equit„
1738 2529 1923 2607 praes.
1968 2528 2093 2589 alae
2127 2528 2434 2590 Petrianae
2473 2528 2481 2612 Ι
2524 2528 2751 2590 milliar.
2799 2547 2852 2588 c.
2885 2528 2953 2589 R.
3003 2527 3100 2589 bis

529 2631 893 2711 torquatae²‚
932 2628 943 2712 Ι
982 2647 1148 2710 proc.
1194 2632 1341 2710 Aug.
1387 2630 1458 2690 ad
1503 2629 1834 2706 Miniciam,
1874 2629 1883 2713 Ι
1923 2650 2087 2712 proc.
2134 2631 2283 2711 Aug.
2341 2631 2747 2712 epistrategiae
2798 2625 2808 2713 Ι
2862 2640 3099 2710 septem

535 2753 766 2795 nomor.
814 2742 873 2793 et
916 2729 1320 2814 Arsilnoitae³‚
1378 2733 1691 2795 Treienses
1736 2743 1973 2812 patron.
2013 2734 2023 2813 Ι
2074 2733 2150 2794 ob
2198 2733 2402 2795 merita
2459 2734 2615 2807 eius,
2673 2732 2831 2793 decr.
2891 2734 3023 2794 dec.
3085 2731 3096 2815 Ι

571 2834 784 2897 ublice.
1181 2883 1184 2886 .

527 2855 566 2915 p
702 2936 873 3000 Prope
929 2935 1196 2984 Attidium
1249 2933 1496 2987 Umbriae
1546 2950 1658 2999 rep.
1721 2933 1908 3000 (Orell.
1954 2935 2051 2986 546
2077 2959 2144 2979 =
2172 2934 2249 2986 XI
2291 2938 2420 2987 5669
2478 2935 2616 2986 vidit
2660 2936 2981 2998 Bor-mann).
3027 2964 3094 2973 —

533 3023 582 3083 1)
609 3017 888 3078 Praefecto
924 3017 1142 3079 fabrum
1179 3021 1384 3082 quater.
1409 3046 1476 3055 —
1514 3019 1565 3085 2)
1592 3017 1671 3078 Cf.
1707 3035 1872 3085 supra
1898 3018 1963 3072 Ν.
1988 3020 2116 3072 2494
2155 3024 2264 3072 not.
2288 3021 2341 3072 2.
2370 3049 2433 3057 -
2470 3022 2522 3084 3)
2561 3018 2640 3081 Cli
2676 3036 2844 3086 supra
2868 3019 2938 3073 Ν.
2960 3020 3094 3071 tut

529 3109 583 3154 et
615 3104 939 3168 Marquardt
975 3102 1202 3154 Staatsv.
1241 3102 1301 3152 1²
1330 3119 1384 3168 p.
1421 3105 1533 3154 445.

705 3206 877 3276 2729
943 3208 1076 3268 Tito
1109 3208 1375 3268 Staberio
1414 3205 1424 3289 Ι
1464 3209 1531 3269 T.
1570 3210 1608 3268 f.
1642 3209 1809 3279 Quir.
1842 3210 2115 3271 Secundo
2156 3212 2167 3291 Ι
2205 3212 2389 3289 praef.
2436 3210 2567 3272 coh.
2601 3209 2936 3271 Chalciden.
2974 3213 2988 3287 Ι
3032 3211 3094 3271 in

534 3311 784 3384 Africa¹‚
846 3309 1087 3370 tribuno
1127 3306 1137 3390 Ι
1176 3309 1423 3370 militum
1470 3311 1584 3389 leg.
1632 3309 1731 3370 Vll
1772 3308 1782 3391 Ι
1823 3310 2102 3374 Geminae
2134 3313 2318 3374 felicis
2355 3310 2367 3394 Ι
2407 3313 2463 3373 in
2501 3312 2858 3389 Germania²‚
2907 3314 3096 3392 praes.

532 3409 543 3496 Ι
595 3412 777 3491 equit.
825 3412 948 3472 alae
993 3411 1279 3473 Moesicae
1317 3409 1328 3493 Ι
1367 3413 1552 3473 felicis
1596 3422 1903 3491 torquatae
1919 3412 1960 3487 ³,
2010 3413 2020 3494 Ι
2073 3413 2339 3475 Staberia
2385 3425 2570 3475 mater
2624 3414 2874 3493 inpensa
2914 3412 2926 3492 Ι
2964 3432 3095 3476 sua.

708 3511 905 3563 Romae
939 3528 1050 3577 rep.
1088 3515 1246 3562 extra
1287 3515 1507 3575 portam
1545 3512 1833 3563 Ostiensem
1883 3513 1991 3573 (VI
2017 3515 2160 3566 3538
2203 3515 2345 3565 vidit
2380 3514 2631 3581 Henzen).
2667 3542 2731 3551 —
2782 3516 2830 3578 1)
2882 3514 3100 3564 Eoetant

536 3596 690 3646 tituli
709 3598 877 3661 positi
913 3613 946 3646 a
983 3599 1198 3648 cohorte
1225 3599 1406 3661 prima
1434 3596 1861 3648 Chalcidensium
1896 3603 2135 3664 equitata
2170 3601 2230 3650 in
2253 3598 2466 3664 Africa,
2501 3600 2617 3666 eph.
2649 3600 2698 3659 7,
2726 3597 2842 3650 344.
2874 3599 2999 3650 343.
3024 3625 3097 3636 -

529 3682 580 3742 2)
616 3680 905 3744 Legionem
957 3686 1234 3747 septimam
1272 3681 1545 3733 Geminam
1590 3683 1885 3747 aliquando
1927 3683 2097 3744 fuisse
2130 3687 2190 3735 in
2229 3684 2517 3736 Germania
2553 3686 2614 3734 in
2647 3685 2747 3735 hoc
2780 3683 2893 3734 solo
2931 3685 3098 3735 titulo

531 3765 746 3829 legitur,
782 3767 876 3816 sed
900 3764 971 3827 cll
1002 3767 1074 3817 ad
1095 3765 1164 3817 Ν.
1188 3767 1323 3818 2726
1357 3771 1466 3818 not.
1489 3769 1539 3831 4,
1574 3768 1699 3817 item
1728 3767 2034 3819 Boissevain
2070 3770 2134 3819 de
2167 3787 2227 3820 re
2259 3770 2491 3821 militari
2514 3770 2898 3835 Hispaniarum
2927 3784 2984 3833 p.
3009 3771 3095 3820 69.

538 3875 600 3887 —-
630 3851 678 3914 3)
704 3851 905 3900 Eadem
941 3852 1028 3902 ala
1063 3857 1395 3903 memoratur
1428 3868 1593 3918 supra
1620 3851 1687 3904 Ν.
1710 3854 1858 3913 4394,
1894 3855 2023 3904 item
2056 3858 2118 3903 ut
2152 3855 2365 3906 videtur
2398 3858 2457 3905 in
2494 3856 2653 3906 titulo
2686 3854 2874 3905 mutilo
2902 3853 3099 3904 Bravn—

532 3936 666 3984 bach
699 3936 831 3998 438,·
866 3940 1070 3986 stetisse
1101 3936 1316 3986 videtur
1349 3938 1408 3986 in
1449 3935 1736 3987 Germania
1770 3934 2049 3998 inferiore.

701 4037 873 4107 2730
937 4039 1015 4100 Μ.
1049 4041 1335 4102 Stlaccius
1366 4042 1427 4102 C.
1461 4044 1499 4101 f.
1534 4042 1654 4103 Col.
1690 4040 1698 4122 Ι
1736 4040 2038 4125 Coranus!
2072 4045 2252 4123 praef.
2300 4044 2549 4119 fabrum,
2593 4051 2747 4122 equo
2782 4044 2790 4124 Ι
2825 4043 3097 4124 publicu,

536 4161 606 4202 ex
653 4143 918 4220 quinque
959 4138 969 4224 Ι
1018 4143 1326 4216 decuriis¹‚
1371 4145 1556 4223 praef.
1617 4145 1747 4205 coh.
1797 4145 1841 4202 V
1894 4146 1905 4220 Ι
1959 4147 2192 4207 Bracar.
2238 4147 2716 4226 Augustanorum
2770 4145 2779 4227 Ι
2829 4147 2894 4208 in
2943 4147 3098 4208 Ger-

537 4244 753 4317 mania,
800 4243 934 4304 trib.
980 4245 1103 4305 mil.
1151 4246 1260 4324 leg.
1308 4245 1359 4304 11
1398 4243 1407 4326 Ι
1447 4248 1617 4324 Aug„
1662 4249 1845 4326 praef.
1885 4250 2147 4327 equitum
2194 4248 2316 4309 alae
2354 4249 2364 4332 Ι
2404 4248 2803 4330 Hispanorum
2850 4250 2910 4310 in
2961 4249 3099 4310 Bri-

535 4346 754 4417 tannia,
794 4342 805 4427 Ι
845 4346 1017 4408 donis
1061 4347 1410 4408 militaribus
1454 4347 1707 4410 donatus
1745 4347 1755 4430 Ι
1798 4368 2018 4411 corona
2063 4350 2276 4411 murali
2321 4351 2482 4413 hasta
2526 4355 2707 4431 pura,
2759 4348 2769 4431 Ι
2809 4350 2925 4412 sibi
2971 4359 3034 4411 et
3083 4349 3094 4431 Ι

536 4448 600 4508 C.
660 4447 910 4509 Stlaccio
970 4448 1239 4528 Capitoni
1307 4455 1490 4528 patri,
1555 4450 1565 4532 Ι
1631 4451 1692 4512 C.
1754 4451 2003 4514 Stlaccio
2070 4452 2131 4513 C.
2193 4454 2233 4512 f.
2295 4450 2417 4512 Col.
2475 4451 2747 4532 Capitoni
2814 4452 3016 4525 fratri,
3083 4450 3096 4534 Ι
3158 4505 3169 4516 .

533 4549 603 4609 L.
651 4548 902 4614 Stlaccio
951 4550 1010 4610 C.
1057 4552 1098 4609 s.
1147 4551 1267 4611 Col.
1313 4551 1606 4613 Frontoni
1653 4553 1836 4627 fratri,
1877 4553 1887 4630 Ι
1928 4552 2199 4613 Claudiae
2245 4553 2551 4614 Secundae
2596 4554 2784 4615 uxori.

707 4649 877 4714 Prope
912 4648 1134 4700 Romam
1167 4666 1277 4716 rep.
1326 4651 1398 4701 ad
1429 4655 1572 4702 viam
1611 4652 1901 4703 Ostiensem
1948 4652 2053 4713 (VI
2080 4654 2223 4704 3539
2270 4653 2406 4703 vidit
2440 4653 2696 4721 Henzen).
2731 4681 2799 4691 —
2848 4654 2896 4718 1)
2933 4652 3098 4703 Intel-

534 4732 647 4796 lege
683 4733 930 4782 decurias
964 4735 1222 4785 iudicum.
